3804 5798
945 513 1127 574 ravenaria.

503 730 593 807 ltem,
611 748 712 790 unum
729 729 883 790 volumen
900 747 1037 809 parvum
1053 727 1222 791 continens
1238 727 1347 810 plures
1365 727 1551 808 questiones
1567 747 1662 810 super

398 837 481 898 libro
506 837 724 914 Summarum,
748 851 780 896 et
797 835 828 896 in
851 835 956 916 primo
973 833 1117 897 deletum
1134 849 1192 914 est,
1216 849 1248 894 et
1271 834 1303 894 in
1329 833 1392 895 fine
1417 834 1520 917 prime
1544 835 1660 916 pagine

398 943 530 1006 secundi
555 941 624 1004 folii
650 941 719 1004 finit
746 941 853 1022 »quod
879 961 961 1002 unus
984 941 1073 1002 solus
1089 941 1169 1002 deus
1192 953 1271 1018 est«,
1296 939 1386 1001 etin
1411 937 1473 1002 fine
1496 940 1570 1003 libri
1587 940 1659 1004 finit

402 1064 452 1114 »et
476 1050 659 1112 introducet
682 1049 722 1110 ad
746 1048 906 1130 gaudia‹;
931 1063 1103 1130 coopertus
1130 1047 1300 1111 asseribus.

505 1155 594 1235 ltem,
619 1175 682 1216 una
706 1156 813 1235 glossa
837 1173 932 1236 super
945 1154 1029 1215 libro
1046 1153 1258 1236 Apocalipsis,
1276 1152 1446 1214 continens
1470 1153 1565 1214 etiam
1584 1172 1662 1234 que·

399 1264 472 1324 dam
508 1263 569 1324 alia
605 1262 759 1343 opuscula
796 1261 828 1322 in
852 1252 945 1338 fine,
968 1260 1089 1322 habens
1121 1260 1217 1322 etiam
1243 1259 1274 1319 io
1307 1256 1370 1320 fine
1402 1277 1563 1320 summam
1587 1279 1662 1321 con·

399 1368 558 1446 iessionis,
582 1381 613 1428 et
637 1367 749 1449 incipit
776 1367 998 1449 ›Apocalipsis
1021 1364 1146 1445 lassu«,
1171 1379 1202 1428 et
1219 1366 1251 1426 in
1268 1365 1370 1448 prima
1395 1366 1513 1447 pagina
1529 1365 1662 1426 secundi

399 1474 468 1536 folii
491 1474 561 1536 finit
589 1488 638 1536 »et
662 1473 797 1536 mundat
822 1491 880 1533 nos
904 1474 944 1534 ab
969 1473 1058 1534 omni
1092 1486 1259 1554 peccato«,
1292 1485 1322 1532 et
1345 1471 1377 1532 in
1409 1469 1472 1532 fine
1495 1471 1569 1532 libri
1593 1469 1664 1532 finit

403 1583 446 1643 »si
472 1601 526 1643 cor
550 1601 614 1642 non
639 1581 687 1642 ori
711 1579 897 1659 concordat,
914 1577 1010 1640 lessio
1028 1593 1169 1655 totam‹;
1195 1579 1315 1640 habens
1335 1577 1368 1638 in
1393 1597 1426 1638 se
1450 1577 1662 1660 opusculum:

400 1687 569 1749 infantiam
594 1686 771 1748 salvatoris.

506 1793 596 1871 ltem,
621 1812 704 1853 unus
726 1792 807 1853 liber
840 1792 1046 1873 questionum
1073 1791 1292 1868 Summarum,
1317 1805 1347 1851 et
1380 1789 1475 1852 habet
1500 1791 1587 1851 inse
1612 1810 1663 1850 ex-

401 1901 601 1983 posicionem
626 1900 755 1960 simboli
788 1913 819 1960 et
850 1913 1017 1961 tractatum
1050 1913 1160 1959 contra
1193 1917 1316 1959 errores
1350 1896 1529 1958 Grecorum
1563 1897 1662 1958 sancti

401 2008 530 2068 Thome
555 2005 595 2067 de
619 2005 762 2085 Aquino,
795 2019 825 2066 et
856 2005 975 2065 librum
1008 2004 1151 2065 virorum
1183 2003 1358 2064 illustrium
1382 2004 1467 2065 beati
1493 2003 1661 2080 Jeronimi,

400 2113 455 2192 qui
492 2111 604 2193 incipit
642 2125 769 2171 »utrum
801 2111 1021 2192 principaliter
1052 2110 1131 2172 alias
1162 2109 1347 2188 scienciae«,
1381 2123 1411 2170 et
1445 2109 1477 2170 in
1502 2107 1565 2171 fine
1590 2109 1663 2170 libri

400 2218 486 2279 linit:
508 2236 593 2278 anno
619 2217 852 2278 incarnacionis
877 2216 1051 2277 millesimo
1080 2215 1302 2281 CCXXXXV.

507 2324 596 2400 ltem,
615 2323 695 2385 liber
721 2323 927 2384 Sentillarum
945 2327 1011 2398 (sic)
1029 2323 1068 2383 de
1089 2323 1223 2384 diversis
1238 2322 1470 2402 voluminibus,
1495 2338 1526 2384 et
1550 2323 1663 2405 incipit

401 2431 432 2492 in
458 2431 550 2511 nigro
571 2429 751 2490 »Dominus
774 2429 851 2492 dicit
875 2429 907 2489 in
925 2429 1138 2510 ewangelio«,
1163 2443 1194 2490 et
1218 2429 1250 2490 in
1267 2428 1330 2490 fine
1354 2429 1426 2490 libri
1443 2427 1514 2491 finit
1540 2429 1662 2490 »sancti

401 2557 436 2597 ac
457 2536 662 2610 ,venerabiles
685 2533 776 2596 filii«.

507 2642 596 2720 Item,
621 2642 702 2703 liber
728 2641 856 2702 Ysidori
881 2642 921 2703 de
945 2643 1189 2721 summobono,
1214 2642 1253 2703 de
1278 2643 1384 2705 littera
1400 2643 1544 2724 antiqua,
1569 2657 1599 2704 et
1617 2644 1663 2704 in·

400 2750 478 2830 cipit
506 2749 695 2810 »Summum
713 2750 869 2826 bonum«,
894 2763 925 2808 et
950 2749 981 2809 in
1006 2747 1069 2810 fine
1093 2749 1190 2810 habet
1215 2750 1311 2810 vitam
1338 2749 1421 2810 beati
1448 2747 1608 2830 Gregorii.

508 2854 597 2933 ltem,
622 2855 703 2914 liber
728 2854 948 2936 Euchiridyon
973 2855 1057 2916 beati
1083 2855 1266 2935 Augustini,
1289 2870 1320 2917 et
1346 2856 1456 2938 incipit
1485 2856 1574 2918 »Dici
1600 2878 1664 2918 non

402 2976 506 3042 potest
531 2961 735 3021 dilectissime
759 2960 837 3039 fili«,
862 2976 892 3022 et
926 2976 973 3022 est
997 2963 1037 3023 de
1069 2962 1173 3022 littera
1202 2963 1346 3043 antiqua,
1381 2964 1551 3025 continens
1575 2965 1607 3025 in
1633 2985 1664 3025 se

402 3068 521 3127 librum
548 3067 805 3128 Prenosticorum
831 3067 976 3128 eiusdem
1010 3083 1039 3128 et
1062 3081 1231 3130 tractatum
1266 3068 1416 3148 Pascasii,
1440 3084 1472 3131 et
1495 3084 1663 3131 tractatum

401 3174 441 3233 de
466 3193 593 3234 summo
619 3175 705 3235 bono
729 3175 913 3255 Augustini,
931 3176 1100 3236 continens
1117 3175 1217 3236 eciam
1237 3175 1372 3238 omelias
1394 3176 1549 3238 lobannis
1574 3177 1664 3240 Clrri·

400 3281 545 3357 sostomi,
570 3293 600 3342 et
624 3281 655 3340 in
674 3279 735 3342 fine
754 3281 826 3342 libri
843 3279 914 3343 finit
930 3301 1004 3342 cum
1023 3283 1148 3343 rubrica
1174 3282 1333 3364 »Explicit
1356 3303 1463 3344 sermo
1487 3283 1527 3345 de
1545 3285 1664 3346 Trans·

402 3385 632 3467 figuracioner.

509 3492 597 3570 ltem,
623 3492 797 3574 dyalogum
809 3494 891 3555 beati
907 3493 1183 3575 Gregorii,infine
1208 3495 1375 3557 continens
1401 3495 1558 3578 pastorale
1583 3497 1665 3558 eius-

403 3599 488 3677 dem,
501 3614 531 3660 et
545 3599 656 3680 incipit
673 3619 744 3660 cum
763 3601 887 3661 rubrica
902 3601 1359 3681 »demiraculisltalicorumq
1383 3617 1414 3664 et
1439 3603 1470 3663 in
1488 3601 1551 3664 fine
1563 3604 1664 3685 prime

402 3705 519 3786 pagine
551 3705 683 3766 secundi
717 3704 785 3766 folii
817 3705 887 3767 finit
914 3707 1094 3788 »impletur,
1126 3707 1222 3770 habet
1247 3708 1365 3786 enirn«,
1391 3723 1422 3770 et
1446 3709 1477 3770 in
1502 3707 1565 3770 fine
1589 3710 1664 3771 libri

403 3811 475 3873 finit
503 3812 749 3892 »benignissime
766 3827 895 3893 pater‹;
916 3833 1012 3894 quem
1030 3814 1125 3875 habet
1140 3814 1292 3876 dominus
1309 3815 1471 3877 lohannes
1483 3816 1664 3899 episcopus.

509 3934 597 4013 ltem,
622 3936 702 3996 liber
734 3937 959 3997 Bonaventure
995 3957 1090 4019 super
1116 3939 1220 4019 primo
1253 3939 1472 4018 Summarum,
1495 3955 1526 4001 et
1551 3941 1664 4024 incipit

410 4039 595 4101 »Profunda
620 4041 813 4102 fluctuorum
845 4043 1015 4120 scultare«,
1048 4059 1079 4104 et
1110 4045 1141 4104 in
1168 4043 1230 4105 fine
1262 4045 1364 4126 prime
1389 4045 1506 4127 pagine
1530 4046 1664 4108 secundi

403 4145 473 4208 folii
497 4147 566 4208 finit
604 4148 718 4229 >primi
752 4148 824 4210 libri
861 4151 1189 4230 perscrutationum«,
1221 4151 1342 4212 habens
1377 4152 1408 4212 in
1439 4149 1502 4213 fine
1527 4153 1666 4234 capitula

406 4253 551 4315 eiusdem
576 4254 692 4335 operis,
706 4269 737 4316 et
753 4253 823 4316 finit
837 4256 868 4316 in
886 4254 948 4316 fine
962 4256 1034 4318 libri
1055 4255 1258 4318 »dulcissima
1273 4273 1374 4320 mater
1391 4259 1459 4320 eius
1475 4259 1613 4322 doluit«.

511 4362 599 4438 ltem,
624 4381 706 4422 unus
730 4362 812 4423 alius
830 4363 911 4423 liber
935 4363 974 4423 de
990 4363 1126 4444 pulchra
1142 4365 1246 4426 littera
1263 4378 1401 4426 tractans
1425 4364 1465 4426 de
1489 4363 1553 4426 fine
1571 4364 1663 4427 fundi

404 4468 564 4550 (mundi?)
579 4469 806 4530 concordando
824 4482 914 4530 vetus
937 4485 968 4531 et
986 4490 1105 4531 novum
1124 4484 1361 4549 testamentum,
1379 4485 1409 4532 et
1426 4471 1539 4552 incipit
1559 4472 1665 4545 sQuia

404 4577 540 4638 labentis
565 4590 596 4636 et
619 4576 751 4657 perituri
784 4577 915 4654 seculi«,
949 4592 979 4638 et
1011 4577 1041 4637 in
1067 4576 1130 4638 fine
1162 4577 1264 4658 prime
1296 4578 1413 4659 pagine
1437 4577 1570 4638 secundi
1595 4576 1666 4640 folii

404 4681 474 4743 finit
500 4683 609 4764 ’plura
633 4683 749 4762 scripta
772 4697 846 4743 sunt
871 4684 902 4744 in
928 4683 1078 4759 divinis«,
1097 4698 1128 4745 et
1152 4684 1184 4744 in
1206 4681 1269 4744 fine
1294 4684 1367 4745 libri
1392 4683 1462 4745 finit
1490 4684 1549 4746 »ad
1568 4704 1664 4767 regna

405 4789 532 4849 celestia
558 4789 734 4869 pervenire.
759 4793 897 4850 Amen«.

512 4894 601 4972 ltem,
626 4915 708 4956 unus
732 4895 814 4956 liber
838 4894 941 4957 fratris
968 4897 1073 4976 Egidii
1099 4899 1139 4958 de
1166 4918 1300 4980 corpore
1325 4897 1444 4961 Christi
1470 4911 1617 4976 tractans,
1635 4911 1665 4960 et

406 5001 516 5082 incipit
540 5002 570 5061 in
597 5003 688 5082 nigro
718 5003 810 5084 »quia
836 5004 919 5065 inter
943 5020 1046 5068 cetera
1078 5019 1274 5068 sacramenta
1300 5005 1465 5084 ecclesie«,
1490 5019 1521 5067 et
1546 5007 1577 5068 in
1603 5005 1664 5068 fine
