3842 5802
580 1561 708 1657 (Anno
736 1560 893 1648 Domini
920 1561 1225 1664 nosocomo.)

264 1899 353 1974 Item
382 1900 416 1975 in
446 1923 539 1974 anno
578 1898 722 1974 Domini
760 1900 948 1975 millesimo
986 1901 1343 2002 quadringentesimo
1382 1914 1526 2004 septua-

264 2025 407 2122 gesimo
435 2025 562 2123 primo,
581 2031 747 2124 tempore
763 2023 943 2121 judicatus
964 2025 1028 2100 viri
1049 2026 1187 2124 providi
1208 2035 1247 2102 et
1265 2027 1408 2104 honesti
1432 2029 1527 2106 Con-

264 2149 341 2223 radi
357 2148 510 2224 Ravvsar
538 2147 597 2224 filii
626 2145 749 2236 Vlrici,
774 2147 905 2246 judicis
935 2149 1031 2226 dicte
1060 2151 1228 2238 civitatis
1259 2151 1415 2228 sabbato
1446 2177 1525 2252 pro-

263 2274 358 2348 ximo
387 2273 556 2348 videlicet
583 2275 617 2348 in
646 2271 742 2348 sesto
773 2272 1042 2349 Purificacionis
1080 2274 1188 2349 beate
1226 2273 1339 2350 Maria
1367 2275 1528 2375 virginis,

264 2420 373 2496 super
400 2399 666 2497 registracione
687 2406 725 2473 et
745 2399 1028 2498 consignacione
1054 2399 1236 2474 literarum
1256 2400 1528 2500 privilegialium
1642 2425 1645 2433 ·

263 2521 387 2596 civium
426 2528 464 2596 et
501 2521 779 2597 inhabitatorum
817 2521 912 2597 dicte
960 2523 1138 2608 civitatis
1178 2523 1286 2598 modo
1325 2533 1363 2599 et
1403 2525 1528 2600 ordine

776 2644 1025 2745 infrascriptis

768 2887 809 2952 (2.
827 2877 1002 2952 februarii).

369 3035 446 3096 ltem
473 3035 548 3115 quia
573 3035 633 3096 viri
658 3035 784 3117 providi
810 3049 841 3097 et
864 3035 990 3098 honesti
1017 3035 1138 3114 Petrus,
1164 3035 1345 3119 Stephanus
1369 3049 1399 3097 et
1425 3035 1526 3098 Geor-

262 3141 335 3222 gius
357 3140 414 3202 filii
440 3141 577 3202 condam
604 3141 770 3202 Benedicti
803 3143 977 3224 portulani,
1010 3142 1088 3203 olim
1114 3143 1256 3203 concivis
1280 3143 1391 3221 nostri,
1415 3143 1526 3204 vendi·

264 3247 378 3308 derunt
402 3247 559 3330 quosdam
585 3247 667 3309 duos
691 3247 824 3329 (h)ortos
857 3249 1001 3330 ipsorum
1035 3249 1067 3310 in
1100 3249 1256 3310 suburbio
1281 3248 1365 3310 dicte
1390 3249 1527 3311 civitatis

263 3373 362 3436 prope
380 3353 502 3416 fontem
528 3354 762 3416 Mandwsewcz
779 3367 810 3416 et
834 3355 915 3416 inter
932 3354 1088 3437 (h)ortum
1107 3356 1196 3417 Pauli
1215 3355 1377 3435 aurifabri,
1391 3357 1526 3419 senioris

259 3461 352 3540 jurati
377 3474 408 3522 et
431 3461 572 3523 concivis
594 3461 705 3540 nostri,
720 3460 779 3522 filii
798 3461 950 3544 Stephani
976 3460 1015 3522 de
1034 3463 1101 3545 Kys
1119 3463 1220 3542 Jenw,
1244 3483 1261 3524 a
1287 3464 1477 3542 meridione,
1495 3479 1525 3525 et

259 3566 341 3628 inter
365 3567 432 3628 vias
456 3586 645 3628 communes
669 3587 686 3629 a
711 3567 965 3649 septemtrionali
991 3581 1021 3629 et
1045 3569 1193 3630 orientali
1223 3570 1365 3649 partibus
1389 3569 1526 3648 habitos,

260 3673 442 3754 contiguos,
467 3671 590 3754 prefato
615 3673 717 3735 Paulo
749 3673 923 3754 aurifabro,
954 3675 1056 3756 magis
1088 3675 1299 3737 voluntariori
1325 3675 1442 3753 vicino,
1468 3695 1526 3757 pro

259 3791 397 3858 quatuor
422 3778 491 3843 flor.
517 3780 584 3841 auri
610 3793 640 3840 et
664 3780 826 3860 sexaginta
852 3779 1003 3859 denariis,
1027 3795 1058 3842 et
1082 3781 1149 3842 suis
1166 3781 1338 3843 heredibus
1362 3781 1430 3864 jure
1455 3801 1525 3864 per·

260 3897 360 3965 petuo
383 3901 414 3946 et
438 3884 692 3947 irrevocabiliter
716 3885 942 3968 possidendos,
974 3887 1132 3950 tenendos
1163 3887 1281 3970 pariter
1305 3901 1336 3949 ct
1360 3887 1525 3949 habendos

260 3990 485 4054 vendiderunt.

364 4097 442 4160 Item
468 4098 543 4180 quia
579 4097 628 4159 vir
659 4097 814 4180 providus
846 4113 877 4160 et
908 4098 1062 4160 honestus
1094 4097 1271 4181 Gregorius
1294 4113 1392 4177 sutor,
1419 4099 1525 4161 senior

258 4202 380 4284 juratus
403 4219 434 4267 et
457 4204 599 4266 concivis
623 4218 741 4284 noster,
766 4203 852 4267 filius
876 4204 1042 4267 Benedicti
1067 4205 1107 4266 de
1132 4205 1377 4288 Polosythycza‚
1402 4205 1441 4266 ad
1467 4225 1524 4267 no·

257 4323 355 4371 stram
396 4311 608 4392 personaliter
647 4310 780 4372 veniens
812 4310 1054 4394 (presenciam),
1087 4310 1252 4373 consessus
1291 4323 1337 4372 est
1368 4310 1400 4372 in
1441 4310 1525 4371 hunc

257 4415 403 4494 modurn,
428 4429 463 4478 ut
486 4416 554 4498 ipse
578 4416 732 4478 directam
759 4431 789 4478 et
813 4417 963 4498 equalem
988 4417 1195 4479 medietatem
1220 4417 1388 4478 cuiusdam
1406 4417 1523 4478 domus

257 4535 393 4600 murate,
417 4523 606 4602 porcionem
631 4523 782 4584 videlicet
805 4543 908 4602 suam,
932 4523 1067 4584 indicta
1088 4523 1227 4601 civitate,
1251 4537 1282 4584 et
1299 4523 1380 4584 inter
1397 4522 1524 4599 domos,

258 4625 376 4689 fundos
400 4641 430 4690 et
454 4627 614 4708 hedificia,
647 4631 687 4691 ab
720 4649 794 4709 una,
825 4629 978 4692 videlicet
1009 4630 1215 4691 meridionali
1250 4645 1349 4712 parte,
1382 4644 1413 4691 et
1444 4630 1525 4691 inter

258 4733 384 4812 domos,
409 4732 527 4796 fundos
551 4749 582 4796 et
606 4733 755 4797 hedificia
784 4735 843 4796 viri
868 4735 995 4818 providi
1021 4749 1052 4798 et
1082 4735 1207 4797 honesti
1237 4737 1331 4798 Blasii
1359 4735 1523 4812 institoris,

258 4838 405 4900 moderni
430 4839 536 4920 jurati,
560 4843 752 4904 successoris
784 4843 922 4903 condam
956 4841 1085 4903 Matheo
1119 4842 1284 4920 institoris,
1309 4842 1348 4902 ab
1374 4841 1522 4902 orientali

257 4958 358 5027 parte,
382 4959 413 5006 et
436 4945 519 5007 inter
543 4946 622 5008 duas
646 4948 713 5008 vias
730 4968 931 5026 communes,
956 4968 1052 5010 unam
1078 4969 1095 5009 a
1119 4949 1347 5031 septemtrione
1373 4961 1403 5008 et
1426 4947 1522 5008 allam

1421 5057 1430 5097 1
