3840 5800
845 565 993 626 Redones.
1121 560 1127 570 '

733 775 1093 839 MCCCCLXXXXlll.

388 917 465 981 lrem
492 918 570 980 feria
587 918 700 1000 quinta
716 933 789 980 ante
808 919 1003 980 dominicam
1023 919 1207 982 Palmarum
1225 921 1288 983 emi
1313 921 1545 983 clericulorum

282 1026 431 1111 undecim
456 1025 557 1087 millia
575 1073 582 1088 .
599 1074 632 1090 ..
658 1024 716 1087 flor
751 1024 833 1087 Vllll
858 1039 889 1088 et
917 1026 1157 1087 wienneusibus
1182 1027 1358 1106 nigris...
1384 1028 1420 1090 L.

388 1149 465 1210 Item
492 1151 523 1210 in
560 1148 641 1211 festo
677 1170 700 1215 s.
738 1151 837 1212 Marci
872 1150 935 1212 erni
972 1150 1146 1213 claviculos
1177 1152 1327 1214 undecim
1361 1152 1544 1215 millia...

281 1254 350 1320 llor.
373 1253 497 1340 Vllll¹l²
526 1269 557 1318 et
578 1256 637 1319 sol.
662 1256 714 1319 Xl.

387 1379 466 1442 ltem
491 1380 522 1442 in
548 1379 630 1443 festo
654 1401 677 1444 s.
700 1381 800 1443 Elene
819 1381 882 1445 emi
907 1380 1082 1443 claviculos
1099 1382 1249 1444 undecim
1268 1382 1448 1448 millia...
1476 1383 1545 1446 flor.

280 1487 363 1549 Vllll
389 1501 419 1549 et
442 1487 560 1551 wienn.
585 1487 679 1552 l⁰XL.

386 1594 463 1655 ltem
489 1595 521 1656 in
546 1592 627 1657 sesto
649 1596 678 1659 b.
710 1595 912 1676 Margarethe
945 1595 1051 1657 Blasio
1084 1597 1284 1677 carpentario
1316 1617 1375 1679 pro
1399 1594 1545 1658 emendis

280 1698 409 1761 chordis
434 1701 473 1762 ad
497 1701 672 1762 trahendos
696 1721 826 1778 asseres,
851 1701 1005 1765 solvi...
1031 1701 1097 1765 llor.
1126 1703 1268 1766 XXVlll.

385 1824 464 1887 ltem
489 1827 583 1887 certis
614 1826 851 1888 laboratoribus
879 1847 938 1909 pro
970 1827 1115 1889 emendis
1147 1829 1285 1910 panibus
1310 1827 1404 1890 certis
1428 1825 1544 1888 diebus

284 1929 359 1992 dedi
377 1979 385 1996 .
403 1979 433 1995 ..
458 1931 552 1994 solid.
575 1931 641 1994 Vll.

385 2038 463 2100 ltem
490 2039 638 2100 Diouisio
663 2039 830 2102 Thurchin
856 2060 914 2122 pro
931 2041 1077 2124 expensis
1101 2041 1141 2102 ad
1166 2041 1256 2105 Zelin
1281 2059 1339 2124 pro
1363 2037 1544 2118 lemeschis,

280 2144 437 2212 solvi...
464 2145 521 2209 sol.
544 2145 582 2209 V.

384 2251 461 2314 ltem
487 2251 564 2314 leria
590 2269 701 2334 quarta
727 2253 872 2334 proxima
894 2268 964 2335 post
983 2254 1082 2316 Elene
1107 2254 1170 2314 emi
1194 2273 1314 2315 asseres
1338 2270 1472 2332 magnos
1497 2250 1537 2312 ad

279 2358 456 2439 plaustrum
483 2378 583 2420 unum
608 2373 639 2420 et
663 2359 879 2422 medium...
904 2360 961 2423 sol.
984 2361 1095 2423 XLVl.

384 2463 460 2524 ltem
487 2463 565 2526 feria
589 2477 675 2526 sexta
707 2479 777 2546 post
802 2465 922 2527 Vrbani
954 2485 1011 2547 pro
1044 2466 1202 2527 asseribus
1233 2465 1412 2547 plaustrum
1438 2482 1538 2525 unum

279 2571 342 2630 enti
361 2619 368 2633 .
384 2619 414 2633 ..
440 2570 497 2634 sol.
522 2569 662 2634 XXVlll.

384 2676 460 2738 ltem
486 2675 564 2737 feria
588 2677 728 2738 secunda
753 2691 826 2738 aute
851 2677 988 2739 Dionisii
1022 2679 1121 2760 empti
1146 2693 1221 2740 sunt
1245 2697 1299 2739 sex
1323 2697 1434 2739 currus
1457 2696 1540 2739 asse·

278 2801 348 2843 rum
373 2782 441 2845 flor.
466 2783 501 2862 ll,
526 2797 557 2844 et
580 2783 705 2864 aliquot
729 2803 849 2845 asseres
873 2803 1043 2866 supra...
1068 2785 1126 2848 sol.
1150 2784 1233 2847 XVl.

384 2907 459 2968 lrem
497 2927 555 2988 pro
589 2907 805 2989 disposicione
838 2908 1004 2970 cuiusdam
1037 2907 1111 2971 ferri
1144 2929 1202 2992 pro
1236 2929 1391 2991 campana
1425 2908 1539 2970 maiori

277 3013 432 3075 solvi...
457 3013 513 3076 sol.
537 3013 571 3076 ll.

384 3118 460 3180 ltem
486 3139 544 3201 pro
569 3119 786 3202 disposicione
803 3121 883 3182 clavi
909 3119 1002 3182 ferrei
1020 3141 1077 3203 pro
1095 3135 1178 3183 tecto
1202 3121 1356 3185 solvi...
1380 3121 1437 3183 sol.
1462 3119 1497 3182 11.

383 3243 460 3304 ltem
486 3245 548 3304 emi
573 3244 750 3326 plaustrum
777 3265 876 3306 unum
899 3247 937 3307 de
955 3245 1113 3307 asseribus
1130 3246 1255 3327 magnis
1271 3293 1278 3307 .
1296 3294 1302 3307 .
1320 3293 1327 3308 .
1351 3245 1408 3308 sol.
1424 3243 1539 3306 XXXl.

383 3367 460 3428 ltem
488 3367 594 3429 Blasio
620 3369 820 3450 carpentario
838 3389 896 3451 pro
914 3369 1024 3430 labore
1050 3363 1148 3454 ipsius
1173 3383 1203 3430 et
1227 3367 1538 3448 convencionecum

278 3473 394 3534 eodem
419 3472 500 3535 iacta
526 3493 628 3555 usque
660 3473 775 3536 festum
808 3475 891 3537 beati
925 3475 1054 3536 Thome
1079 3474 1216 3556 apostoli
1249 3475 1281 3535 in
1314 3473 1449 3535 diversis
1473 3486 1535 3534 ter·

277 3580 373 3640 minis
397 3579 501 3641 solvi.
521 3627 551 3642 ..
577 3581 643 3642 llor.
668 3581 826 3644 LXXXX.

382 3703 459 3766 ltenr
485 3707 548 3767 erui
574 3706 709 3768 cubulos
734 3707 799 3766 vini
824 3707 952 3788 triginta
970 3686 1115 3788 qdinque
1141 3726 1157 3767 a
1183 3706 1289 3786 judice
1307 3755 1313 3769 .
1330 3753 1361 3769 ..
1386 3705 1452 3768 llor.
1477 3705 1538 3768 llll.

382 3812 460 3874 ltem
486 3813 549 3874 emi
574 3813 640 3874 vini
665 3813 801 3874 cubulos
825 3813 1038 3876 sedecim...
1065 3814 1133 3878 llor.
1158 3813 1221 3877 llll.

380 3919 458 3982 ltem
485 3921 514 3981 in
541 3920 592 3980 die
617 3941 639 3983 s.
663 3919 791 3981 Martini
818 3919 881 3980 emi
907 3919 1016 3980 vinum
1042 3921 1149 3982 Blasio
1174 3919 1374 4002 carpentario
1400 3918 1538 3982 cubulos

276 4027 404 4106 triginta
431 4025 583 4088 duos...
608 4027 675 4089 flor.
701 4025 738 4086 lll
763 4041 794 4088 et
817 4025 875 4087 sol.
904 4026 1058 4088 LXXXV.

383 4133 458 4194 ltem
484 4134 569 4195 idem
596 4133 706 4194 habuit
732 4133 762 4193 in
788 4132 913 4194 koucha
938 4131 977 4193 de
1007 4146 1111 4194 musto
1136 4132 1273 4194 cubulos
1296 4145 1380 4194 octo,

382 4240 459 4302 ltem
486 4239 590 4301 eidem
618 4240 724 4301 Blasio
748 4239 947 4320 carpentario
972 4257 1029 4319 pro
1061 4238 1157 4298 lardis
1182 4237 1310 4299 duobus
1327 4287 1334 4302 .
1350 4285 1382 4302 ..
1408 4238 1477 4304 flor.
1502 4239 1538 4302 ll.

372 4365 462 4426 'ltem
489 4384 547 4446 pro
566 4361 799 4426 reformacione
824 4363 935 4445 organi
954 4361 1105 4442 magistro
1123 4363 1229 4444 operis
1245 4382 1303 4444 pro
1320 4363 1429 4424 labore
1454 4364 1536 4424 eius·

276 4473 349 4532 dem
375 4473 460 4532 iuxta
485 4471 740 4532 convencionem
765 4489 837 4531 cum
863 4469 979 4530 eodem
1005 4467 1097 4546 facta,
1121 4469 1268 4531 dedi...
1295 4468 1361 4534 lor.
1385 4470 1480 4532 Xllll.

383 4595 459 4656 ltem
485 4595 638 4676 magistro
661 4595 789 4655 Andree
806 4594 968 4674 organista
990 4613 1047 4674 pro
1065 4592 1158 4655 certis
1182 4593 1368 4654 necessariis
1392 4593 1537 4654 emendis

276 4701 317 4763 ad
349 4700 618 4763 reformacionem
651 4701 774 4780 organi,
807 4700 880 4761 dedi
914 4701 945 4761 in
981 4714 1049 4760 toto
1074 4699 1106 4760 in
1140 4698 1273 4760 diversis
1298 4697 1474 4762 terminis.
1499 4747 1504 4760 .
1531 4747 1537 4760 .

276 4807 345 4869 flor.
371 4807 394 4868 ll
420 4823 450 4868 et
474 4807 531 4870 sol.
557 4806 771 4868 LXXXVllll.

382 4931 458 4993 ltem
484 4931 635 4993 Michaeli
661 4930 768 4992 Tisler
791 4949 850 5011 pro
874 4929 1040 4991 laboribus
1056 4929 1120 4990 suis
1145 4929 1227 4991 circa
1252 4945 1410 5009 organum
1434 4923 1535 5005 lactis,

278 5039 350 5102 dedi
369 5085 376 5100 .
395 5085 427 5102 ..
451 5039 519 5102 flor.
544 5039 578 5102 ll.
