3842 5802
245 759 402 836 orientali,
417 758 622 820 meridionali
636 773 666 820 et
680 758 871 820 occidentali
886 775 917 821 et
932 759 1013 820 inter
1026 758 1123 822 fenile
1141 761 1279 823 liberum
1294 764 1352 824 viri
1367 764 1504 826 condam

243 865 364 947 providi
383 879 414 926 et
430 864 555 926 honesti
582 865 722 944 Martini,
748 865 826 926 olim
844 864 958 946 judicis
983 879 1013 928 et
1030 867 1172 927 concivis
1188 869 1300 946 nostri,
1324 889 1341 930 a
1366 883 1503 951 septem·

242 973 342 1035 trione
366 971 523 1051 habitum,
548 971 637 1052 quod
662 970 747 1034 idem
773 971 911 1034 condam
936 973 1092 1034 Martinus
1121 973 1217 1052 judex
1241 976 1505 1040 testamentaliter

242 1080 390 1140 adaram
416 1080 515 1141 sancti
541 1079 665 1141 Nicolai
691 1079 834 1161 episcopi
859 1093 890 1140 et
914 1077 1106 1142 confessoris
1135 1079 1165 1141 in
1192 1081 1314 1162 capella
1338 1081 1506 1164 hospitalis

242 1187 331 1248 beate
357 1185 458 1247 Marte
475 1185 608 1266 virginis
623 1185 654 1246 in
673 1185 757 1247 dicta
775 1185 901 1247 civitate
919 1185 1092 1248 constructi
1110 1199 1141 1248 et
1165 1185 1300 1266 fundati,
1325 1187 1506 1268 dimissum,

241 1312 311 1354 curn
336 1293 490 1353 omnibus
522 1291 668 1353 eiusdem
701 1290 808 1352 fenilis
839 1291 1074 1353 condicionalis
1106 1293 1300 1355 utilitatibus
1331 1307 1361 1355 et
1393 1295 1505 1356 condi·

240 1399 330 1460 cione
356 1397 554 1479 infrascripta
572 1397 711 1479 provido
737 1397 805 1458 viro
824 1397 972 1458 Michaeli
991 1397 1121 1479 pellifici
1140 1399 1388 1481 Nasperychych
1406 1401 1504 1480 dicto,

240 1506 357 1566 seniori
383 1504 486 1585 jurato
511 1517 542 1566 et
572 1505 697 1566 concivi
730 1517 851 1582 nostro,
884 1524 920 1566 ac
954 1523 1010 1588 per
1043 1524 1116 1566 eum
1148 1505 1213 1570 suis
1244 1505 1415 1568 heredibus
1447 1527 1505 1589 pro

240 1627 378 1693 quatuor
402 1612 508 1693 pensis
532 1611 739 1672 denariorum
759 1611 995 1674 wiennensium
1021 1611 1227 1674 vendidimus
1251 1626 1281 1674 et
1306 1613 1505 1675 contulimus

240 1718 280 1778 ita
305 1733 424 1796 tamen,
449 1717 537 1799 quod
561 1717 628 1800 ipse
654 1717 792 1779 Michael
814 1731 844 1779 et
861 1718 910 1779 sui
935 1717 1069 1780 heredes
1086 1719 1249 1800 ceterique
1275 1720 1374 1801 ipsius
1398 1719 1505 1782 lenilis

239 1825 473 1886 condicionalis
497 1843 555 1905 pro
580 1837 725 1906 tempore
750 1843 950 1905 possessores
975 1824 1014 1886 de
1045 1825 1114 1906 ipso
1139 1823 1229 1888 feuili
1254 1827 1389 1907 singulis
1413 1827 1505 1888 annis

238 1944 362 1992 sextum
387 1949 516 1992 currum
541 1927 606 1991 leni
631 1931 725 1990 nobis
749 1930 869 1992 scilicet
892 1931 1117 1992 communitati
1135 1945 1167 1994 et
1191 1933 1306 1994 nostris
1331 1933 1504 1996 comitibus

238 2038 314 2098 dare
338 2052 368 2098 et
391 2037 516 2098 solvere
539 2038 736 2098 tenebuntur
768 2050 926 2119 eruntque
959 2037 1117 2118 obligati;
1150 2058 1246 2120 super
1271 2058 1336 2120 quo
1361 2040 1432 2099 data
1458 2053 1504 2100 est

237 2143 341 2205 eidem
366 2143 457 2204 litera
481 2155 588 2205 nostra
612 2143 834 2225 privilegialis.

344 2247 443 2322 Quod
469 2248 545 2329 quia
570 2247 704 2330 provida
722 2247 854 2310 domina
874 2254 982 2330 Agnes
1006 2263 1130 2328 vocata,
1148 2249 1256 2311 relicta
1282 2250 1338 2310 viri
1365 2251 1501 2312 condam

238 2354 364 2436 providi
388 2355 516 2415 Andree
541 2355 657 2416 rasoris
681 2373 861 2436 pannorum
880 2355 957 2416 olim
976 2356 1118 2417 concivis
1142 2356 1242 2417 nostri
1265 2356 1305 2416 de
1330 2357 1502 2418 Nouosero

238 2461 384 2524 vendidit
408 2461 572 2543 quandam
597 2461 724 2522 vineam
750 2481 839 2522 suam
866 2462 1077 2544 Kamennyalr
1102 2477 1259 2541 vocatam,
1285 2464 1315 2522 in
1340 2463 1502 2524 territorio

237 2582 359 2647 nostro,
383 2587 419 2629 ac
444 2569 525 2629 inter
542 2568 651 2629 vineas
674 2583 782 2630 nostre
799 2569 1040 2630 communitatis
1056 2569 1307 2647 condicionales,
1324 2588 1381 2652 per
1397 2568 1502 2649 quod-

236 2675 311 2736 dam
337 2674 490 2736 fossatum
517 2675 686 2756 antiquum
704 2695 721 2735 a
743 2674 836 2756 plaga
855 2674 1070 2752 meridionali,
1088 2675 1120 2736 in
1138 2693 1204 2756 quo
1230 2674 1348 2736 fossato
1365 2675 1502 2755 desuper

236 2782 299 2842 due
324 2781 464 2859 arbores,
491 2800 554 2842 una
579 2799 715 2862 quercus
740 2793 770 2842 et
794 2780 857 2841 alia
881 2781 968 2862 pirus
984 2781 1138 2842 silvestris
1161 2793 1192 2844 et
1216 2783 1256 2842 ab
1274 2780 1354 2842 inira
1380 2781 1411 2841 in
1438 2780 1500 2842 vit·

236 2888 329 2968 gulto
353 2907 410 2949 seu
434 2887 514 2948 silva
539 2887 601 2948 alia
635 2887 729 2948 arbor
761 2887 915 2968 quercina
945 2887 1043 2968 vulgo
1076 2886 1205 2948 harazth
1235 2886 1329 2964 dicta,
1355 2887 1503 2950 crucibus

236 2995 360 3075 signate
383 3007 414 3055 et
436 3013 496 3076 pro
521 3007 604 3055 meta
628 2993 742 3071 locate,
777 3012 915 3054 unacum
934 2993 1074 3074 virgulto
1091 3013 1147 3054 seu
1171 2993 1250 3055 silva
1276 2993 1380 3054 eidem
1408 2994 1500 3055 vinee

236 3101 295 3160 sub
320 3113 351 3162 et
375 3101 488 3161 subtus
518 3099 750 3178 adjacentibus,
783 3119 818 3160 ac
852 3100 933 3162 inter
957 3113 988 3160 et
1019 3119 1117 3182 penes
1147 3099 1259 3161 silvam
1286 3099 1344 3162 viri
1369 3098 1495 3182 providi

237 3206 322 3267 Petri
346 3205 447 3267 villici
472 3205 512 3266 de
538 3204 670 3288 Dedych
703 3205 850 3266 similiter
881 3206 1023 3266 concivis
1054 3206 1153 3267 nostri
1178 3204 1237 3266 filii
1263 3206 1418 3268 Demetrii
1444 3204 1500 3266 filii

237 3312 349 3374 Briccii
364 3312 403 3373 de
428 3311 505 3374 villa
523 3307 700 3390 Cralewcz,
718 3331 735 3372 a
752 3325 841 3393 parte
859 3311 1125 3392 septemtrionali,
1143 3311 1280 3392 desuper
1304 3331 1320 3371 a
1346 3311 1395 3372 via
1413 3331 1502 3372 com·

235 3419 325 3480 muni
351 3433 481 3500 aparte
518 3417 669 3480 orientali
694 3417 812 3495 habita,
843 3417 1028 3500 incipiendo
1060 3417 1242 3498 aquadam
1268 3419 1381 3479 arbore
1406 3437 1499 3498 quer·

237 3525 307 3586 cina
332 3523 506 3586 bifrondita
533 3543 633 3606 prope
659 3537 689 3586 et
712 3543 812 3605 penes
836 3523 972 3586 eandem
996 3524 1080 3584 viam
1114 3523 1240 3584 duabus
1264 3524 1411 3584 crucibus
1434 3524 1497 3604 sig·

235 3645 308 3692 nata
345 3645 375 3691 et
400 3649 456 3712 per
488 3630 616 3691 easdem
649 3631 759 3691 ambas
790 3643 895 3711 partes
919 3649 976 3712 pro
1009 3645 1092 3690 meta
1118 3629 1231 3708 locata,
1256 3643 1287 3690 et
1311 3631 1350 3691 ab
1382 3629 1494 3691 eadem

235 3738 349 3797 arbore
375 3736 528 3817 quercina
553 3735 635 3798 inlra
660 3735 700 3797 ad
723 3750 847 3819 partem
865 3735 1098 3797 occidentalem
1122 3735 1330 3817 procedendo
1354 3736 1442 3798 venit
1460 3736 1499 3797 ad

235 3842 398 3922 quandam
423 3843 572 3904 arborem
596 3855 743 3904 castanee
775 3861 925 3923 magnam
959 3841 1084 3903 duabus
1116 3842 1264 3903 crucibus
1287 3843 1444 3924 signatam
1470 3857 1500 3905 et

237 3968 297 4030 pro
329 3961 413 4011 meta
445 3949 602 4028 locatam,
627 3949 743 4010 dehinc
776 3949 910 4011 ulterius
934 3949 973 4010 de
1005 3948 1117 4010 eadem
1151 3949 1265 4010 arbore
1289 3964 1435 4010 castanec
1459 3949 1499 4010 ad

234 4053 391 4135 prefatam
416 4068 539 4138 partem
563 4055 798 4117 occidentalem
824 4054 932 4117 eundo
957 4055 1045 4116 vadit
1077 4069 1107 4117 et
1131 4056 1277 4137 pervenit
1301 4055 1340 4116 ad
1365 4070 1428 4118 tres
1452 4075 1499 4117 ar-

237 4161 331 4222 bores
356 4161 525 4242 quercinas
549 4181 647 4224 unam
676 4175 749 4243 post
779 4162 876 4223 aliam
909 4175 1089 4242 sequentes,
1121 4161 1268 4222 crucibus
1299 4162 1439 4243 signatas
1470 4175 1501 4223 et

235 4287 291 4348 per
316 4267 444 4328 easdem
471 4281 577 4350 partes
593 4286 652 4348 pro
669 4281 754 4330 meta
771 4268 901 4346 locatas,
919 4281 950 4328 et
967 4266 1083 4328 abhinc
1102 4267 1235 4327 ulterius
1258 4267 1394 4347 girando
1413 4269 1500 4328 vadit

234 4373 275 4434 ad
300 4373 463 4454 quandam
487 4375 635 4435 arborem
661 4387 807 4436 castanee
831 4393 994 4454 magnam,
1019 4373 1144 4434 duabus
1168 4373 1315 4434 crucibus
1340 4375 1496 4454 signatam

234 4493 266 4542 et
289 4499 347 4562 pro
372 4494 456 4542 meta
480 4480 629 4558 locatam,
654 4494 685 4542 et
709 4482 749 4542 ab
767 4481 881 4542 eadem
906 4481 1020 4542 arbore
1040 4481 1172 4542 ulterius
1191 4478 1272 4540 infra
1291 4481 1498 4562 procedendo

235 4587 381 4667 pervenit
404 4605 507 4667 usque
524 4586 664 4647 rivulum
690 4605 746 4648 seu
764 4601 904 4648 meatum
927 4606 1021 4668 aque,
1039 4587 1147 4667 ibique
1165 4586 1387 4665 terminantur,
1403 4588 1498 4649 simul

234 4711 308 4753 cum
341 4693 493 4754 omnibus
526 4693 732 4775 pertinenciis
763 4692 900 4774 provido
941 4693 1009 4754 viro
1042 4693 1135 4754 Petro
1167 4692 1308 4774 sellipari
1340 4693 1499 4755 moderno

234 4799 338 4880 jurato
362 4819 398 4860 ac
422 4819 480 4882 per
504 4818 577 4860 eum
603 4800 668 4860 suis
693 4799 864 4861 heredibus
889 4817 946 4879 pro
981 4812 1103 4880 septem
1128 4798 1197 4860 flor.
1222 4799 1300 4875 auri,
1326 4798 1393 4859 filio
1419 4799 1499 4881 Elye

233 4905 388 4988 Vuchych
413 4905 500 4967 dicto
525 4905 564 4966 de
590 4905 707 4984 Crisio,
723 4905 870 4968 vendidit
887 4919 917 4966 et
938 4906 1074 4967 contulit
1091 4925 1197 4967 coram
1217 4906 1311 4966 nobis
1335 4905 1402 4986 jure
1427 4925 1497 4987 per-

234 5027 332 5094 petuo
356 5011 529 5074 tenendam
563 5025 594 5074 et
625 5011 825 5088 habendam,
859 5032 957 5094 super
988 5031 1053 5092 quo
1077 5026 1151 5072 sunt
1183 5011 1286 5073 eidem
1313 5012 1384 5072 date
1409 5011 1498 5072 litere

234 5118 451 5200 privilegiales
476 5119 558 5182 dicte
583 5119 830 5180 communitatis.
1358 5131 1375 5166 t
