3804 5798
425 624 489 684 2²4
986 605 1134 666 Rationes.

423 816 463 878 de
488 815 589 896 Italia,
613 830 689 879 tunc
721 816 881 898 apreciavi
914 835 1015 878 unum
1049 835 1196 895 currum,
1227 817 1283 897 qui
1308 816 1462 878 conduxit
1486 835 1535 878 res
1560 815 1686 877 domini

421 921 505 1002 regis
529 941 630 1004 usque
655 921 808 1000 Crisium‚
833 940 891 1003 pro
915 920 1100 1002 octuaginta
1124 919 1237 982 solidis
1261 921 1395 1002 magnis.

527 1029 605 1091 Item
631 1029 763 1110 exposui
797 1047 893 1110 super
925 1026 1056 1088 eosdem
1089 1027 1225 1088 nuncios
1256 1027 1382 1089 domini
1416 1027 1499 1110 regis
1522 1046 1618 1109 super
1641 1047 1686 1088 se-

420 1135 524 1198 decim
549 1151 650 1217 equos
674 1147 704 1196 et
727 1133 875 1196 homines
900 1133 940 1196 III
965 1133 1034 1196 flor.
1061 1133 1169 1196 miuus
1192 1133 1245 1196 IIII
1271 1133 1344 1195 den.

527 1243 605 1304 Item
638 1240 713 1302 dedi
746 1239 868 1302 Mathia
901 1239 992 1302 labro
1023 1239 1096 1302 XVI
1121 1239 1215 1320 den,
1247 1239 1303 1322 qui
1335 1237 1521 1302 reformavit
1544 1239 1686 1320 lingvam

425 1367 579 1430 campane
606 1348 713 1410 Starcz
737 1346 833 1409 dicte.

527 1455 605 1518 Item
631 1454 705 1516 dedi
730 1453 904 1515 DomInico
928 1452 1022 1515 latori
1048 1451 1135 1514 LXX
1159 1451 1245 1532 dem,
1262 1453 1318 1534 qui
1343 1451 1522 1514 ambulavit
1546 1451 1587 1514 ad
1610 1452 1686 1512 Wa-

428 1561 511 1640 rasd,
535 1559 744 1644 expurgando
770 1579 828 1621 uos
852 1572 983 1642 propter
1006 1573 1123 1622 taram.

530 1666 609 1728 Item
634 1665 708 1728 dedi
733 1667 835 1728 tribus
856 1665 1073 1748 carpentariis,
1098 1665 1153 1746 qui
1171 1665 1399 1726 laboraverunt
1423 1683 1478 1746 per
1502 1663 1585 1724 duos
1610 1663 1687 1736 dies,

423 1771 513 1854 quod
538 1771 613 1834 facit
638 1771 664 1834 C
690 1773 797 1833 miuus
822 1771 874 1833 IIII
899 1772 985 1849 deu.²
1017 1773 1071 1853 qui
1098 1772 1326 1834 laboraverunt
1349 1783 1435 1832 extra
1459 1784 1585 1852 portam
1611 1770 1688 1852 lepi-

422 1878 528 1956 deam,
553 1878 607 1939 ubi
633 1878 781 1940 custodes
804 1877 917 1939 sedent
941 1879 972 1938 in
998 1877 1134 1939 clrcuitu
1159 1896 1336 1939 murorum.

933 1984 1066 2045 Summa
1092 1981 1168 2045 facit
1192 1983 1234 2044 XI
1267 1983 1336 2045 flor.
1363 1979 1544 2044 CCCXXX
1569 1981 1641 2042 den.

529 2091 607 2153 Item
641 2091 704 2150 emi
736 2109 837 2151 unum
871 2109 998 2150 currum
1032 2109 1172 2151 asserum
1211 2088 1326 2150 LXXII
1364 2089 1436 2151 den.
1470 2088 1547 2150 Item
1583 2087 1690 2148 clavos

425 2198 554 2262 XLVIII
580 2197 652 2258 den.
678 2196 756 2259 Item
785 2199 890 2258 trabes
913 2196 955 2258 VI
981 2197 1054 2260 den.

525 2301 605 2366 Item
632 2303 695 2365 emi
721 2302 797 2385 ipsis
821 2302 861 2363 de
886 2303 963 2364 vino
987 2302 1027 2364 VI
1052 2302 1127 2366 den.

527 2409 604 2472 Item
629 2409 705 2470 dedi
739 2408 901 2471 Clementi
933 2407 1025 2470 fabro
1059 2409 1116 2470 XL
1149 2407 1239 2488 den,
1272 2407 1327 2489 qui
1360 2407 1519 2468 laboravit
1542 2407 1687 2488 IInguem

423 2535 538 2598 magne
563 2535 728 2598 campane.

526 2621 603 2684 Item
628 2622 702 2682 dedi
729 2640 794 2682 uno
819 2622 1019 2703 carpentario
1044 2619 1129 2682 XIIII
1155 2619 1229 2686 den.
1253 2619 1309 2701 qui
1327 2619 1486 2680 laboravit
1502 2619 1534 2678 in
1551 2618 1690 2678 citcuitu

424 2747 551 2790 murum
584 2747 658 2788 cum
683 2727 811 2788 Andrea
839 2741 958 2790 sutore.
1099 2720 1104 2732 ’

528 2834 607 2896 Item
633 2833 707 2895 dedi
733 2833 860 2894 duobus
878 2832 1085 2916 carpentariis
1102 2851 1158 2915 per
1173 2845 1237 2893 tres
1255 2829 1323 2892 dies
1340 2830 1398 2893 CX
1416 2830 1524 2892 minus
1549 2829 1603 2890 IIII
1617 2830 1691 2892 den.

530 2939 607 3000 Item
632 2939 706 3000 dedi
724 2939 780 3001 uni
804 2939 1005 3021 carpentario
1023 2957 1079 3020 per
1096 2939 1179 3000 duos
1196 2937 1265 2999 dies
1283 2936 1395 2998 LXIIII
1414 2937 1499 3014 den,
1524 2941 1579 3019 qui
1598 2937 1686 2998 labo·

426 3048 506 3109 ravit
531 3047 561 3108 in
587 3045 725 3128 pallacio
742 3046 836 3126 regis,
857 3059 888 3108 et
905 3047 936 3107 in
953 3045 1045 3123 turri,
1063 3057 1094 3107 et
1110 3059 1197 3106 extra
1214 3057 1340 3127 portam
1358 3041 1544 3105 carnificum
1561 3063 1690 3125 vereye.

529 3152 607 3215 Item
633 3151 737 3233 rccepi
762 3171 779 3212 a
805 3151 906 3212 Paulo
932 3151 1036 3213 iurato
1064 3165 1204 3233 quatuor
1233 3163 1352 3212 statuas
1377 3169 1434 3230 pro
1459 3149 1590 3210 XLVIII
1616 3149 1688 3212 den.

424 3260 464 3320 ad
490 3278 610 3322 vereas.

530 3364 608 3426 Item
631 3381 728 3424 unam
752 3363 876 3424 trabem
901 3362 964 3423 emi
989 3381 1047 3445 pro
1071 3361 1129 3424 XII
1154 3361 1228 3426 den.

530 3471 609 3532 Item
635 3469 710 3532 dedi
725 3489 801 3530 uno
824 3469 929 3547 latori,
959 3469 1015 3549 qui
1047 3471 1188 3551 portavit
1219 3469 1404 3532 relatoriam
1429 3470 1565 3531 domiuo
1592 3469 1689 3546 Reno,

425 3597 526 3658 quum
551 3593 738 3658 responsum
764 3575 922 3636 dederunt
945 3574 1072 3636 domini
1096 3575 1135 3637 de
1162 3573 1316 3657 Capitulo
1342 3575 1429 3636 LXX
1454 3575 1529 3638 den.

529 3681 607 3744 Item
632 3679 706 3742 dedi
730 3680 851 3742 Mathie
875 3681 1076 3762 carpenterio
1108 3681 1137 3742 X
1163 3681 1248 3760 den,
1280 3681 1336 3763 qui
1361 3681 1470 3763 posuit
1493 3695 1626 3742 truncos
1650 3679 1688 3741 ad

424 3784 577 3848 fossatum
603 3799 676 3848 ante
700 3800 825 3867 portam
850 3785 1010 3868 lapideam
1036 3800 1068 3848 et
1091 3785 1288 3849 carnificum.

530 3891 607 3954 Item
642 3891 716 3952 dedi
750 3892 911 3954 Clementi
944 3893 1001 3954 LX
1029 3891 1115 3971 den„
1147 3894 1203 3974 qui
1239 3892 1419 3954 ambulavit
1451 3892 1490 3954 ad
1515 3891 1689 3974 CrapInam

423 4011 554 4081 propter
578 4016 675 4058 unam
701 3998 853 4080 pIxidem.

528 4102 605 4164 Item
632 4102 706 4164 dedi
734 4123 798 4165 uno
823 4103 928 4182 latori,
957 4104 1012 4185 qui
1045 4104 1185 4186 portavit
1217 4104 1366 4186 pulveres
1397 4103 1543 4186 pieridum
1569 4105 1596 4165 L
1620 4103 1690 4166 deu.

530 4208 608 4270 Item
642 4208 716 4269 dedi
749 4207 909 4271 Clementi
944 4208 1036 4272 fabro
1067 4211 1125 4272 XL
1150 4210 1235 4290 den.‚
1268 4212 1324 4294 qui
1361 4209 1522 4274 edificavit
1546 4211 1689 4292 IInguam

423 4333 580 4396 campane
606 4313 722 4378 Starcz.

529 4419 606 4480 Item
632 4420 695 4481 emi
721 4419 759 4480 de
784 4420 919 4502 plumbo
944 4421 1056 4483 decem
1079 4419 1185 4483 luntas
1201 4441 1259 4504 pro
1285 4422 1404 4484 LXXX
1429 4422 1516 4502 dem,
1541 4442 1608 4503 quo
1625 4423 1690 4484 edi·

425 4525 516 4587 ficavi
541 4546 601 4586 ova
626 4526 665 4586 ad
690 4526 823 4608 pixides.

526 4629 605 4693 Item
630 4631 705 4692 dedi
729 4632 903 4694 Valentino
928 4632 1019 4695 fabro
1042 4634 1116 4696 XVI
1141 4634 1215 4697 den.
1240 4635 1296 4716 qui
1321 4634 1482 4696 laboravit
1506 4635 1624 4718 globos
1650 4635 1688 4695 de

423 4733 507 4797 ferro
533 4749 641 4799 nostro
666 4736 707 4798 ad
731 4738 865 4818 pixides.

531 4841 608 4904 Item
635 4843 710 4904 dedi
735 4843 895 4926 Gregorio
921 4843 1030 4906 Stelba
1064 4845 1162 4926 dictu,
1194 4847 1250 4928 qui
1284 4846 1447 4910 edIficavit
1471 4846 1553 4910 ferra
1579 4847 1619 4910 ed
1643 4868 1689 4909 sa·

425 4949 520 5028 gittas
544 4949 616 5010 XVI
641 4949 714 5010 den.

935 5056 1069 5118 Summa
1102 5055 1177 5120 facit
1201 5059 1240 5120 III
1266 5059 1335 5123 flor.
1361 5073 1392 5120 et
1416 5059 1549 5123 XXVIII
1574 5060 1646 5123 den.

533 5159 611 5220 Item
626 5159 700 5220 dedi
715 5160 828 5222 Milecz
842 5161 933 5223 fabro
954 5163 1011 5224 XL
1025 5163 1110 5243 den„
1137 5167 1192 5248 qui
1210 5165 1371 5229 edificavit
1395 5165 1477 5229 ferra
1496 5167 1536 5228 ad
1553 5168 1689 5248 sagittas.
