3810 5806
387 685 498 746 bentes
522 699 552 745 et
576 686 791 767 approbantes
824 685 1008 746 huiusmodi
1043 699 1184 747 nostram
1216 685 1459 747 ordinacionem
1484 697 1515 743 et
1539 682 1649 743 vendi-

388 791 530 867 cionem,
554 791 593 851 ad
620 810 717 872 quarn
744 792 803 872 ipsi
829 791 947 873 pariter
964 811 1072 852 coram
1090 792 1184 853 nobis
1208 792 1351 873 ipsorum
1375 790 1562 852 benivolum
1581 808 1650 871 pre·

388 897 526 958 buerunt
551 917 743 959 consensum
762 899 880 979 pariter
897 913 927 958 et
951 917 1126 959 assensum.
1153 899 1270 960 Datum
1290 897 1366 959 leria
1390 897 1486 958 tercia
1513 897 1545 957 in
1571 895 1650 956 lesto

388 1003 472 1066 beati
498 1003 631 1084 Georgii
658 1003 805 1066 martiris.
841 1007 937 1065 Anno
963 1003 1094 1064 Domini
1127 1004 1301 1066 millesimo
1333 1002 1650 1086 quadringentesimo

388 1109 598 1190 nonagesimo
623 1110 778 1172 secundo.

494 1215 572 1277 ltem
590 1217 678 1297 quod
697 1217 771 1297 quia
790 1236 849 1278 nos
867 1217 1081 1278 communitas
1097 1216 1260 1297 quandam
1278 1216 1436 1277 vinealem
1461 1214 1648 1296 particulam

387 1322 534 1384 similiter
560 1323 659 1403 ipsius
683 1321 821 1383 condam
848 1322 937 1383 Pauli
962 1322 1132 1403 selliparis,
1161 1322 1258 1383 simul
1289 1341 1360 1382 cum
1385 1335 1469 1382 terra
1492 1321 1552 1382 sibi
1577 1322 1649 1380 sub-

387 1429 503 1490 iacenti
528 1429 559 1488 in
577 1427 740 1490 territorio
759 1444 869 1490 nostro
887 1429 968 1489 inter
985 1429 1111 1490 vineam
1138 1428 1338 1489 honorabilis
1355 1428 1478 1489 domini
1498 1427 1649 1508 Stephani

386 1535 526 1597 altariste
550 1555 602 1596 are
626 1535 725 1596 sancti
752 1535 893 1612 Martini,
917 1555 933 1594 a
959 1549 1047 1615 parte
1072 1533 1326 1616 septemtrionali
1341 1549 1388 1594 ‘et
1413 1534 1495 1594 inter
1520 1533 1646 1592 vineam

387 1643 611 1724 particularem
646 1642 849 1704 honorabilis
885 1641 1022 1702 condam
1061 1641 1185 1701 domini
1219 1640 1351 1720 Georgii
1383 1639 1512 1721 plebani
1544 1655 1649 1699 sancte

389 1748 601 1830 Margarethe,
626 1769 642 1809 a
668 1762 757 1830 parte
776 1748 993 1825 meridionali,
1016 1760 1046 1807 et
1063 1747 1202 1828 desuper
1226 1767 1243 1807 a
1267 1747 1317 1807 via
1335 1747 1498 1806 communi
1524 1765 1650 1825 magna,

387 1855 428 1915 ab
453 1853 630 1932 occidente,
656 1867 687 1915 et
711 1853 792 1914 infra
818 1873 920 1935 usque
954 1853 1050 1914 aliarn
1078 1852 1162 1914 viam
1197 1871 1345 1932 magnam
1379 1870 1585 1912 communem
1610 1853 1649 1910 ab

388 1960 512 2022 oriente
537 1979 569 2020 se
602 1960 838 2038 extendentem,
871 1959 1008 2041 provido
1046 1957 1189 2019 Fabiano
1223 1957 1389 2042 Sypchych
1415 1956 1500 2018 dicto
1526 1957 1649 2017 concivi

389 2081 509 2145 nostro,
533 2086 569 2128 ac
593 2086 650 2148 per
675 2086 749 2128 eurn
782 2067 847 2126 suis
879 2066 1052 2128 heredibus
1084 2067 1196 2126 ambas
1229 2065 1400 2146 particulas
1429 2065 1568 2126 vineales
1592 2083 1649 2145 pro

389 2173 501 2254 viginti
527 2186 667 2254 quatuor
691 2171 760 2236 flor.
795 2173 1000 2233 vendidimus
1033 2172 1146 2232 ordine
1179 2171 1277 2232 simili
1303 2185 1337 2233 ut
1360 2171 1508 2232 vendicio
1533 2171 1649 2231 domus

387 2279 534 2361 superius
559 2292 737 2361 expressate
762 2291 879 2354 erstat;
905 2279 944 2339 de
968 2297 1054 2339 anno
1079 2293 1109 2338 et
1133 2278 1184 2338 die
1209 2277 1409 2360 supradictis.
