3840 5800
388 515 450 576 266
947 510 1097 576 Rationes.

492 725 571 787 Item
595 724 673 788 ferlo
698 726 811 807 quInta
836 726 987 787 miseram
1018 724 1058 786 ad
1084 724 1217 786 Izdencz
1252 723 1437 786 LadisIaum
1461 723 1649 808 CIepcbych

385 833 466 893 circa
491 832 660 911 dIcatores‚
686 831 760 894 dedi
790 832 895 894 eidem
921 851 979 914 pro
997 831 1167 914 expensis.
1185 881 1216 894 ..
1244 831 1303 894 sol.
1328 831 1396 896 XII.

490 937 567 1001 Item
592 939 703 1022 papiro
727 939 790 1000 emi
808 989 815 1002 .
832 985 864 1002 ..
894 940 954 1002 sol.
979 937 1016 1002 II.

490 1033 569 1108 It'em
597 1044 674 1107 feria
699 1058 785 1108 sexta
810 1059 883 1108 ante
900 1044 1016 1107 Vrsule
1042 1045 1105 1108 erni
1130 1045 1306 1128 pisces...
1330 1045 1390 1110 sol.
1414 1041 1488 1109 IIII.

489 1149 570 1214 Item
596 1153 668 1213 misi
694 1152 893 1234 Stephanum
922 1150 1081 1213 famulum
1113 1151 1270 1214 Tharnok
1295 1153 1335 1213 ad
1360 1151 1651 1215 Pecbwaradirrum

384 1271 414 1319 et
438 1277 496 1340 pro
520 1258 667 1340 expensis
691 1257 765 1320 dedi
791 1257 896 1320 eidem
911 1303 918 1317 .
935 1306 968 1322 ..
992 1257 1051 1322 sol.
1077 1254 1179 1321 XXII.

489 1361 569 1427 Item
593 1365 840 1447 precedentibus
864 1363 979 1426 diebus
1003 1365 1123 1426 iueram
1141 1365 1342 1448 metquIntus
1359 1364 1400 1426 ad
1424 1365 1593 1428 domiuum
1619 1379 1651 1426 et

385 1491 458 1533 cum
497 1470 655 1554 Gregorio
684 1472 839 1535 Tharnok
868 1473 997 1552 reveni,
1028 1473 1161 1555 exposui
1190 1474 1222 1534 In
1251 1474 1302 1534 via
1321 1522 1327 1535 .
1346 1523 1378 1538 ..
1403 1473 1461 1537 sol.
1490 1473 1650 1535 LXXXX.

491 1575 570 1640 Item
597 1577 674 1640 feria
699 1579 796 1641 tercia
821 1593 894 1642 ante
926 1577 1042 1640 festum
1067 1579 1224 1642 Demetrii
1258 1579 1331 1641 misi
1357 1579 1559 1642 Demetrium
1583 1599 1650 1641 nta-

383 1703 483 1766 gnum
509 1684 548 1746 sd
572 1681 709 1748 Izdencz
734 1699 765 1748 et
789 1685 895 1747 eidem
920 1705 978 1769 pro
1003 1685 1151 1768 expensis
1183 1684 1336 1750 dedi...
1362 1685 1421 1749 sol.
1445 1683 1521 1748 VIII.

488 1789 566 1854 Item
591 1791 706 1854 libram
732 1793 835 1875 papIri
860 1793 923 1854 emi
939 1843 946 1858 .
965 1840 997 1856 ..
1020 1792 1079 1854 sol.
1105 1789 1168 1854 VII.

487 1894 565 1958 Item
590 1895 705 1959 fossori
729 1898 850 1980 piscine
875 1899 907 1959 in
932 1896 1091 1980 Iwanych‚
1124 1897 1198 1960 dedi
1215 1946 1223 1962 .
1240 1945 1272 1961 ..
1297 1897 1356 1960 sol.
1382 1895 1415 1962 1⁶.

487 2000 565 2064 Itern
592 2003 623 2064 in
648 2001 730 2065 festo
755 2004 922 2082 Demetrii,
955 2003 1156 2069 Demetrium
1190 2002 1350 2066 famulum
1375 2022 1485 2065 meum
1509 2003 1580 2065 misi
1606 2004 1646 2065 ad

380 2108 668 2172 Pechwaradinum
694 2124 725 2172 et
749 2110 854 2172 eidem
879 2109 920 2172 ad
945 2129 1099 2192 expensas
1132 2109 1282 2174 dedi...
1307 2111 1366 2172 sol.
1391 2107 1518 2174 XXXII.

487 2211 570 2278 Item
595 2217 709 2278 eodem
735 2217 787 2278 die
812 2216 886 2278 dedi
913 2217 1051 2278 Martioo
1069 2215 1281 2277 curriductori
1300 2216 1425 2278 domini
1443 2265 1450 2280 .
1469 2265 1473 2274 .
1493 2265 1500 2278 .
1524 2216 1584 2280 sol.
1608 2212 1647 2280 1⁰.

487 2320 566 2384 Item
592 2343 665 2384 cum
699 2321 859 2405 Gregorio
891 2323 1047 2385 Tharnok
1079 2323 1200 2384 iveram
1233 2323 1423 2404 Zagrabism
1448 2323 1582 2406 exposui
1607 2322 1648 2384 ad

382 2446 508 2509 equos.
526 2478 533 2492 .
551 2475 558 2491 .
582 2430 640 2494 sol.
664 2426 738 2493 XII.

486 2531 568 2596 Item
593 2535 624 2597 in
650 2535 761 2617 vigilia
786 2535 944 2598 Omnium
962 2549 1146 2598 sanctorum
1171 2535 1243 2596 misi
1262 2534 1463 2618 Stephanum
1486 2535 1527 2597 ad
1546 2535 1647 2597 Pech-

381 2641 581 2704 waradinum
608 2643 682 2704 dedi
708 2643 736 2704 ei
762 2663 820 2725 pro
845 2643 1068 2724 expensis...
1092 2643 1150 2707 sol.
1175 2643 1275 2704 XXV.

486 2745 567 2811 Item
593 2750 696 2831 pisces
719 2769 777 2830 pro
803 2769 912 2811 mensa
938 2749 1001 2810 emi
1020 2799 1026 2812 .
1043 2798 1075 2812 ..
1098 2750 1157 2812 sol.
1183 2750 1221 2814 X.

485 2851 567 2918 Item
593 2856 633 2916 ad
651 2856 777 2917 labores
792 2856 923 2918 ecclesie
942 2855 1137 2918 chasmensis
1153 2856 1227 2918 dedi
1245 2857 1398 2938 magistro
1416 2855 1648 2918 Benedicm...

381 2961 440 3024 SOI.
463 2962 515 3024 Xe.

486 3064 567 3130 Item
593 3069 707 3130 Iibram
732 3069 835 3151 papiri
860 3069 923 3147 emi
942 3117 948 3131 .
968 3117 1000 3131 ..
1025 3068 1084 3134 sol.
1109 3066 1172 3132 VII.

485 3171 567 3238 Item
593 3173 670 3236 feria
695 3190 782 3238 sexta
807 3176 838 3236 In
864 3173 945 3237 festo
980 3174 1137 3238 Omnium
1169 3189 1353 3238 sanctorum
1377 3175 1480 3257 pisces
1504 3174 1569 3236 erni
1587 3221 1593 3236 .
1613 3223 1645 3236 ..

380 3281 440 3344 sol.
465 3276 521 3344 VI.
1415 3345 1426 3366 ⁸

485 3383 567 3450 Item
593 3389 670 3450 dum
703 3388 848 3450 Andreas
879 3387 995 3450 abhiuc
1027 3387 1067 3450 ad
1101 3388 1240 3470 quedam
1273 3387 1354 3451 facta
1379 3408 1435 3450 sua
1460 3406 1529 3450 sese
1553 3405 1645 3468 para·

380 3508 468 3556 verat
494 3493 613 3556 iturum
641 3495 715 3557 dedi
741 3496 769 3556 ei
795 3495 834 3556 ad
860 3514 1015 3576 expensas
1033 3545 1039 3558 .
1059 3544 1065 3558 .
1084 3544 1090 3558 .
1110 3496 1169 3562 soI.
1193 3491 1326 3560 XXXII.

484 3596 565 3662 Item
590 3599 678 3662 fratri
703 3601 823 3663 Matbie
848 3602 949 3662 Nitrai
975 3600 1014 3662 ad
1047 3621 1119 3662 suas
1140 3601 1339 3682 indigentias
1370 3600 1433 3662 erni
1458 3599 1521 3662 tele
1546 3599 1640 3660 ulnas

379 3726 432 3766 sex
451 3753 458 3768 .
477 3753 511 3771 ..
542 3707 601 3769 sol.
627 3704 743 3772 XXVI.

484 3810 565 3876 Item
591 3815 787 3897 pauperibus
812 3814 1035 3878 distribui...
1061 3815 1120 3877 sol.
1148 3811 1202 3878 VI.

484 3917 567 3982 Item
591 3923 725 3984 sabbato
750 3935 822 4004 post
856 3920 972 3983 festum
1005 3921 1161 3985 Omnium
1194 3935 1377 3984 sanctorum
1401 3920 1473 3982 misi
1498 3919 1537 3982 ad
1562 3938 1641 4001 que·

379 4027 515 4088 rendum
538 4027 672 4108 glandes
695 4027 776 4090 uItra
802 4029 930 4090 Zawam
955 4041 986 4089 et
1010 4047 1067 4110 pro
1093 4029 1240 4110 expensis
1268 4028 1315 4090 illi
1336 4027 1460 4090 homini
1487 4027 1640 4090 dedi...

379 4131 437 4198 soI.
462 4130 569 4194 XXVI

483 4236 565 4301 Item
590 4240 642 4301 die
675 4239 840 4301 dominico
876 4241 934 4302 Ivit
965 4241 1115 4303 domiuus
1145 4241 1365 4322 suffraganeus
1388 4241 1428 4303 ed
1454 4239 1641 4304 Pechwara-

379 4348 490 4408 diuum
516 4359 546 4407 et
569 4366 627 4429 pro
652 4347 800 4428 expensIs
824 4347 898 4408 dedi
923 4348 1027 4410 eidem
1048 4397 1054 4411 .
1073 4395 1102 4412 ..
1127 4349 1186 4412 sol.
1210 4345 1267 4412 110.

482 4451 562 4515 Item
587 4453 701 4515 eodem
728 4453 780 4514 die
804 4454 879 4515 dedi
906 4454 1071 4536 Stephano
1102 4455 1244 4517 Bradach
1261 4503 1268 4519 .
1286 4502 1318 4518 ..
1344 4453 1403 4518 sol.
1428 4450 1479 4517 II‘.

479 4557 561 4622 Item
587 4561 680 4622 Petro
697 4561 849 4641 magistro
866 4559 1076 4624 fenestrarum
1101 4562 1175 4624 dedi
1200 4561 1355 4643 Zagrabie
1373 4609 1380 4625 .
1400 4609 1433 4624 ..
1458 4561 1517 4622 sol.
1543 4558 1592 4622 11⁰.

482 4665 560 4730 Item
587 4687 688 4749 quum
714 4668 924 4730 Benedictum
958 4667 1060 4730 filium
1093 4670 1171 4730 Iane
1203 4668 1320 4730 abhiuc
1344 4668 1530 4730 remiseram
1555 4667 1642 4728 cites

378 4773 547 4836 dominum
572 4775 678 4839 eidem
702 4775 775 4836 dedi
801 4775 841 4835 ad
866 4795 1098 4857 expensas...
1123 4775 1182 4840 soI.
1207 4773 1337 4838 XXXII.

483 4880 561 4943 Item
595 4881 672 4943 feria
705 4895 816 4964 quarta
847 4897 918 4963 post
950 4882 1066 4944 festum
1100 4882 1239 4943 Emerici
1272 4882 1344 4943 misi
1374 4881 1575 4964 Stephanum
1600 4879 1641 4942 ad

378 4986 666 5050 Pechwaradinum
692 5003 722 5049 et
747 4988 852 5050 eidem
878 4987 916 5049 ad
943 5008 1097 5070 expensas
1121 4989 1195 5050 dedi
1215 5037 1221 5052 .
1239 5037 1272 5054 ..
1297 4989 1357 5054 sol.
1383 4987 1513 5052 XXVII.
