3842 5802
664 1563 792 1662 (Anno
821 1562 978 1651 Domini
1006 1563 1343 1668 moooooxxvt)

376 1900 462 1976 ltem
487 1923 580 1976 anno
601 1900 745 1976 Domini
768 1902 955 1978 millesimo
980 1901 1334 2001 quadringentesimo
1364 1906 1636 2003 septuagesimo

375 2031 492 2116 sext0,
520 2033 685 2121 tempore
704 2026 872 2100 videlicet
894 2024 1076 2122 judicatus
1106 2025 1216 2101 Blasii
1244 2025 1303 2101 filii
1330 2026 1440 2120 Petri,
1480 2027 1639 2125 (judicis)

375 2143 531 2224 civitatis
561 2155 766 2248 prenotate,
787 2173 939 2248 presens
958 2150 1147 2225 laternum
1167 2150 1378 2226 estfactum
1398 2150 1489 2226 feria
1509 2159 1638 2250 quarta

373 2272 536 2370 proxima
555 2280 639 2347 ante
668 2271 801 2348 festum
822 2270 1089 2348 Purificacionis
1108 2273 1256 2372 virginis
1276 2273 1450 2372 gloriose,
1476 2275 1638 2374 proxime

374 2403 571 2483 venturum,
601 2418 710 2495 super
730 2395 993 2494 registracione
1013 2396 1196 2472 literarum
1215 2396 1487 2496 privilegialium
1513 2399 1639 2473 civium

375 2528 413 2594 et
440 2519 718 2595 inhabitatorum
747 2521 903 2596 civitatis
937 2527 1143 2619 prenotate,
1176 2520 1284 2595 modo
1314 2527 1352 2597 et
1380 2521 1504 2597 ordine
1532 2520 1638 2596 infra-

913 2644 1069 2742 scriptis.

374 2893 468 2967 Feria
498 2905 623 2985 quarta
643 2899 798 2984 proxima
819 2905 897 2966 ante
925 2896 1048 2966 festum
1069 2895 1324 2968 Purificaclonis
1345 2898 1449 2968 llario
1478 2896 1631 2986 virginis.

881 3062 943 3125 (31.
960 3050 1126 3126 januarii).

479 3191 555 3251 ltem
580 3190 695 3251 eodem
721 3189 774 3250 die
798 3189 875 3251 feria
909 3204 1019 3271 quarta
1053 3191 1207 3252 discretus
1230 3192 1279 3252 vir
1311 3191 1449 3253 condam
1477 3192 1637 3253 Barnabas

372 3297 526 3378 presbiter
551 3295 708 3376 quasdam
732 3309 830 3357 terras
854 3296 991 3358 arabiles
1016 3296 1128 3358 decern
1154 3297 1204 3357 vel
1229 3297 1306 3357 citra
1332 3297 1433 3359 dietas
1456 3311 1539 3359 terre
1564 3317 1636 3378 pro·

371 3402 445 3464 vide
470 3403 597 3463 mulieri
634 3403 765 3463 domine
795 3403 877 3463 Nese
906 3402 997 3463 aliter
1030 3407 1138 3483 Agnes
1162 3417 1273 3465 vocate
1305 3404 1568 3465 testamentaliter
1592 3405 1636 3465 le-

371 3510 459 3589 gavit
482 3509 584 3570 sorori
617 3528 673 3568 seu
705 3509 887 3590 propinque
920 3527 986 3586 sue,
1020 3509 1103 3568 inter
1134 3523 1234 3569 metas
1267 3528 1365 3590 penes
1387 3522 1487 3570 terras
1511 3509 1635 3570 domini

373 3615 520 3696 Gregorii
546 3615 586 3677 de
611 3617 756 3698 Reznyk‚
782 3615 812 3675 in
830 3615 991 3676 territorio
1016 3635 1071 3676 seu
1089 3635 1205 3697 campo
1235 3629 1355 3695 nostro,
1380 3635 1475 3697 super
1499 3631 1546 3677 est
1563 3616 1635 3677 dara

372 3723 477 3783 eidem
502 3722 634 3784 domine
660 3722 741 3783 Nese
766 3722 868 3782 sorori
903 3741 959 3783 sue
990 3722 1080 3782 litera
1112 3722 1322 3803 privilegialis
1353 3742 1448 3804 super
1473 3723 1634 3804 premissis

371 3829 430 3889 sibi
455 3848 582 3910 semper
607 3827 820 3910 possidendis,

478 3933 556 3995 ltem
582 3934 670 4014 quod
688 3933 822 4014 provida
839 3933 955 3994 mulier
981 3933 1148 3994 Elizabeth
1167 3949 1279 3995 vocata
1296 3932 1359 3994 lilia
1378 3933 1514 3995 condam
1535 3934 1635 3995 Pausa

371 4040 516 4120 proxima
543 4053 574 4100 et
599 4038 758 4100 fratruelis
788 4039 925 4099 condam
958 4039 1119 4098 Valentini
1152 4039 1270 4100 literati
1303 4039 1527 4100 inhabitatoris
1550 4039 1634 4100 dicte

371 4145 519 4224 civitatis,
545 4145 690 4206 vendidit
707 4144 871 4225 quandam
889 4144 1028 4222 vineam,
1045 4145 1105 4205 sibi
1123 4146 1163 4206 ab
1188 4145 1257 4226 ipso
1275 4145 1473 4222 devolutam,
1491 4144 1633 4226 Georgio

371 4252 581 4334 Cuethhoycz
606 4253 645 4314 de
671 4251 837 4314 Cralowcz
862 4270 919 4333 pro
948 4266 1069 4332 septem
1102 4249 1171 4313 flor.
1196 4251 1275 4331 auri,
1300 4252 1382 4313 inter
1405 4251 1532 4312 vineam
1558 4271 1632 4312 con-

371 4359 564 4420 dicionalem
584 4359 761 4420 liberorum
777 4376 834 4419 seu
844 4376 1061 4418 successorum
1086 4358 1224 4419 condam
1243 4357 1409 4419 Michaelis
1433 4357 1633 4420 Coriaotiani

370 4485 405 4526 ac
430 4465 512 4525 inter
536 4465 650 4525 silvam
676 4463 846 4545 Bdudycz;
872 4464 921 4524 cui
947 4463 986 4524 ad
1015 4464 1190 4544 predictam
1224 4465 1351 4524 vineam
1376 4464 1462 4525 dicto
1489 4463 1633 4545 Georgio

370 4571 442 4632 data
467 4585 514 4633 est
537 4571 627 4632 litera
654 4569 862 4651 privilegialis
882 4589 978 4650 super
1002 4569 1163 4650 premissis
1186 4590 1313 4631 sonans.

477 4677 574 4749 Quod
593 4677 669 4757 quia
686 4675 841 4756 providus
865 4676 913 4735 vir
931 4675 1083 4736 Clemens
1101 4675 1224 4758 Gulycz
1242 4676 1345 4736 dictus
1370 4675 1515 4737 vendidit
1532 4696 1631 4757 quan-

370 4783 443 4843 dam
477 4784 603 4843 vineam
636 4800 724 4842 suam
759 4779 983 4842 hereditariam
1017 4782 1048 4843 in
1081 4783 1240 4843 territorio
1274 4797 1383 4842 nostro
1415 4801 1471 4842 seu
1496 4781 1633 4843 civitatis

370 4885 490 4969 prefate
515 4909 612 4969 penes
637 4888 763 4947 vineant
789 4887 954 4948 kalendioi
980 4887 1248 4948 confraternitatis
1272 4889 1484 4968 agricolarum
1511 4909 1545 4949 ac
1571 4889 1630 4949 cir-

369 4995 596 5062 cumvallatam
621 4995 671 5061 via
696 4995 862 5060 communi
887 4995 926 5062 ab
952 4995 1114 5082 undique,
1139 4996 1235 5062 simul
1260 5015 1331 5060 cum
1358 4996 1497 5085 quadam
1524 4995 1630 5064 vacui·
