<?xml version="1.0" encoding="UTF-8"?>
<!DOCTYPE html PUBLIC "-//W3C//DTD XHTML 1.0 Transitional//EN"
    "http://www.w3.org/TR/xhtml1/DTD/xhtml1-transitional.dtd">
<html xmlns="http://www.w3.org/1999/xhtml" xml:lang="en" lang="en">
 <head>
  <title>
</title>
<meta http-equiv="Content-Type" content="text/html;charset=utf-8" />
  <meta name='ocr-system' content='tesseract 3.04.00' />
  <meta name='ocr-capabilities' content='ocr_page ocr_carea ocr_par ocr_line ocrx_word'/>
</head>
<body>
  <div class='ocr_page' id='page_1' title='image "./monumentahistor19laszgoog_0081.png"; bbox 0 0 3842 5802; ppageno 0'>
   <div class='ocr_carea' id='block_1_1' title="bbox 287 578 1554 2714">
    <p class='ocr_par' dir='ltr' id='par_1_1' title="bbox 820 578 1551 656">
     <span class='ocr_line' id='line_1_1' title="bbox 820 578 1551 656; baseline 0.001 -21"><span class='ocrx_word' id='word_1_1' title='bbox 820 578 1020 654; x_wconf 77' lang='lat' dir='ltr'>Anno1476.</span> <span class='ocrx_word' id='word_1_2' title='bbox 1511 595 1551 656; x_wconf 82' lang='lat'>29</span> 
     </span>
    </p>

    <p class='ocr_par' dir='ltr' id='par_1_2' title="bbox 287 787 1552 1402">
     <span class='ocr_line' id='line_1_2' title="bbox 395 787 1552 871; baseline 0.002 -23"><span class='ocrx_word' id='word_1_3' title='bbox 395 789 470 850; x_wconf 90' lang='lat' dir='ltr'>ltem</span> <span class='ocrx_word' id='word_1_4' title='bbox 497 791 613 850; x_wconf 87' lang='lat' dir='ltr'>mulier</span> <span class='ocrx_word' id='word_1_5' title='bbox 639 793 747 870; x_wconf 77' lang='lat' dir='ltr'>Agnes</span> <span class='ocrx_word' id='word_1_6' title='bbox 780 805 891 850; x_wconf 84' lang='lat' dir='ltr'>vocata</span> <span class='ocrx_word' id='word_1_7' title='bbox 924 809 1034 850; x_wconf 89' lang='lat' dir='ltr'>socrus</span> <span class='ocrx_word' id='word_1_8' title='bbox 1058 787 1143 850; x_wconf 90' lang='lat' dir='ltr'>Galli</span> <span class='ocrx_word' id='word_1_9' title='bbox 1179 789 1344 871; x_wconf 82' lang='lat' dir='ltr'>Kudelycz</span> <span class='ocrx_word' id='word_1_10' title='bbox 1370 789 1552 870; x_wconf 81' lang='lat' dir='ltr'>propinavit</span> 
     </span>
     <span class='ocr_line' id='line_1_3' title="bbox 287 893 1552 976; baseline 0.001 -21"><span class='ocrx_word' id='word_1_11' title='bbox 287 895 347 976; x_wconf 87' lang='lat' dir='ltr'>ipsi</span> <span class='ocrx_word' id='word_1_12' title='bbox 374 894 470 957; x_wconf 90' lang='lat' dir='ltr'>Gallo</span> <span class='ocrx_word' id='word_1_13' title='bbox 504 896 613 976; x_wconf 84' lang='lat' dir='ltr'>generi</span> <span class='ocrx_word' id='word_1_14' title='bbox 646 915 705 956; x_wconf 89' lang='lat' dir='ltr'>suo</span> <span class='ocrx_word' id='word_1_15' title='bbox 738 910 769 956; x_wconf 92' lang='lat' dir='ltr'>et</span> <span class='ocrx_word' id='word_1_16' title='bbox 803 895 977 956; x_wconf 83' lang='lat' dir='ltr'>Katherine</span> <span class='ocrx_word' id='word_1_17' title='bbox 1011 893 1075 955; x_wconf 86' lang='lat' dir='ltr'>filie</span> <span class='ocrx_word' id='word_1_18' title='bbox 1107 915 1182 972; x_wconf 89' lang='lat' dir='ltr'>sue,</span> <span class='ocrx_word' id='word_1_19' title='bbox 1219 895 1359 956; x_wconf 87' lang='lat' dir='ltr'>consorti</span> <span class='ocrx_word' id='word_1_20' title='bbox 1397 895 1552 972; x_wconf 89' lang='lat' dir='ltr'>eiusdem,</span> 
     </span>
     <span class='ocr_line' id='line_1_4' title="bbox 287 999 1551 1082; baseline 0 -20"><span class='ocrx_word' id='word_1_21' title='bbox 287 1002 462 1082; x_wconf 89' lang='lat' dir='ltr'>quemdam</span> <span class='ocrx_word' id='word_1_22' title='bbox 487 1001 641 1082; x_wconf 70' lang='lat' dir='ltr'>(hlortum</span> <span class='ocrx_word' id='word_1_23' title='bbox 659 1017 743 1063; x_wconf 86' lang='lat' dir='ltr'>extra</span> <span class='ocrx_word' id='word_1_24' title='bbox 763 1016 886 1082; x_wconf 88' lang='lat' dir='ltr'>portam</span> <span class='ocrx_word' id='word_1_25' title='bbox 913 999 1097 1062; x_wconf 88' lang='lat' dir='ltr'>carnificum</span> <span class='ocrx_word' id='word_1_26' title='bbox 1116 1021 1151 1062; x_wconf 92' lang='lat' dir='ltr'>ac</span> <span class='ocrx_word' id='word_1_27' title='bbox 1176 1001 1338 1082; x_wconf 87' lang='lat' dir='ltr'>quandam</span> <span class='ocrx_word' id='word_1_28' title='bbox 1365 1001 1551 1082; x_wconf 86' lang='lat' dir='ltr'>porcionem</span> 
     </span>
     <span class='ocr_line' id='line_1_5' title="bbox 287 1106 1552 1188; baseline 0 -22"><span class='ocrx_word' id='word_1_29' title='bbox 287 1109 391 1184; x_wconf 90' lang='lat' dir='ltr'>vinee,</span> <span class='ocrx_word' id='word_1_30' title='bbox 416 1106 476 1168; x_wconf 93' lang='lat' dir='ltr'>loci</span> <span class='ocrx_word' id='word_1_31' title='bbox 502 1107 618 1168; x_wconf 78' lang='lat' dir='ltr'>stabuli</span> <span class='ocrx_word' id='word_1_32' title='bbox 652 1123 682 1168; x_wconf 92' lang='lat' dir='ltr'>et</span> <span class='ocrx_word' id='word_1_33' title='bbox 713 1107 842 1188; x_wconf 85' lang='lat' dir='ltr'>(h)0rrei</span> <span class='ocrx_word' id='word_1_34' title='bbox 877 1107 907 1168; x_wconf 89' lang='lat' dir='ltr'>in</span> <span class='ocrx_word' id='word_1_35' title='bbox 940 1107 1035 1168; x_wconf 87' lang='lat' dir='ltr'>simul</span> <span class='ocrx_word' id='word_1_36' title='bbox 1065 1121 1096 1168; x_wconf 92' lang='lat' dir='ltr'>et</span> <span class='ocrx_word' id='word_1_37' title='bbox 1127 1107 1166 1167; x_wconf 92' lang='lat' dir='ltr'>ad</span> <span class='ocrx_word' id='word_1_38' title='bbox 1200 1107 1337 1167; x_wconf 88' lang='lat' dir='ltr'>invicem</span> <span class='ocrx_word' id='word_1_39' title='bbox 1364 1107 1552 1168; x_wconf 87' lang='lat' dir='ltr'>coniunctas</span> 
     </span>
     <span class='ocr_line' id='line_1_6' title="bbox 288 1213 1551 1296; baseline -0.002 -21"><span class='ocrx_word' id='word_1_40' title='bbox 288 1229 373 1276; x_wconf 90' lang='lat' dir='ltr'>retro</span> <span class='ocrx_word' id='word_1_41' title='bbox 398 1233 526 1274; x_wconf 91' lang='lat' dir='ltr'>murum</span> <span class='ocrx_word' id='word_1_42' title='bbox 552 1214 705 1286; x_wconf 87' lang='lat' dir='ltr'>civitatis;</span> <span class='ocrx_word' id='word_1_43' title='bbox 737 1215 786 1275; x_wconf 90' lang='lat' dir='ltr'>cui</span> <span class='ocrx_word' id='word_1_44' title='bbox 820 1214 892 1274; x_wconf 84' lang='lat' dir='ltr'>data</span> <span class='ocrx_word' id='word_1_45' title='bbox 925 1227 972 1276; x_wconf 91' lang='lat' dir='ltr'>est</span> <span class='ocrx_word' id='word_1_46' title='bbox 1006 1213 1096 1274; x_wconf 85' lang='lat' dir='ltr'>litera</span> <span class='ocrx_word' id='word_1_47' title='bbox 1129 1214 1338 1296; x_wconf 86' lang='lat' dir='ltr'>privilegialis</span> <span class='ocrx_word' id='word_1_48' title='bbox 1363 1234 1457 1295; x_wconf 91' lang='lat' dir='ltr'>super</span> <span class='ocrx_word' id='word_1_49' title='bbox 1483 1233 1551 1295; x_wconf 93' lang='lat' dir='ltr'>pre-</span> 
     </span>
     <span class='ocr_line' id='line_1_7' title="bbox 289 1319 1006 1402; baseline 0 -22"><span class='ocrx_word' id='word_1_50' title='bbox 289 1321 393 1381; x_wconf 87' lang='lat' dir='ltr'>missis</span> <span class='ocrx_word' id='word_1_51' title='bbox 416 1321 476 1382; x_wconf 89' lang='lat' dir='ltr'>sibi</span> <span class='ocrx_word' id='word_1_52' title='bbox 502 1319 560 1401; x_wconf 88' lang='lat' dir='ltr'>ipsi</span> <span class='ocrx_word' id='word_1_53' title='bbox 587 1335 743 1402; x_wconf 90' lang='lat' dir='ltr'>perpetuo</span> <span class='ocrx_word' id='word_1_54' title='bbox 768 1319 1006 1401; x_wconf 83' lang='lat' dir='ltr'>possidendam.</span> 
     </span>
    </p>

    <p class='ocr_par' dir='ltr' id='par_1_3' title="bbox 288 1444 1554 2057">
     <span class='ocr_line' id='line_1_8' title="bbox 396 1444 1551 1526; baseline -0.001 -21"><span class='ocrx_word' id='word_1_55' title='bbox 396 1445 472 1508; x_wconf 88' lang='lat' dir='ltr'>ltem</span> <span class='ocrx_word' id='word_1_56' title='bbox 499 1445 573 1526; x_wconf 89' lang='lat' dir='ltr'>quia</span> <span class='ocrx_word' id='word_1_57' title='bbox 599 1446 724 1526; x_wconf 88' lang='lat' dir='ltr'>providi</span> <span class='ocrx_word' id='word_1_58' title='bbox 752 1446 808 1505; x_wconf 87' lang='lat' dir='ltr'>viri</span> <span class='ocrx_word' id='word_1_59' title='bbox 836 1445 1026 1506; x_wconf 84' lang='lat' dir='ltr'>Valentinus</span> <span class='ocrx_word' id='word_1_60' title='bbox 1050 1446 1157 1505; x_wconf 89' lang='lat' dir='ltr'>senior</span> <span class='ocrx_word' id='word_1_61' title='bbox 1182 1444 1276 1522; x_wconf 84' lang='lat' dir='ltr'>judex</span> <span class='ocrx_word' id='word_1_62' title='bbox 1301 1458 1408 1505; x_wconf 88' lang='lat' dir='ltr'>noster</span> <span class='ocrx_word' id='word_1_63' title='bbox 1432 1458 1462 1505; x_wconf 92' lang='lat' dir='ltr'>et</span> <span class='ocrx_word' id='word_1_64' title='bbox 1488 1449 1551 1504; x_wconf 80' lang='lat' dir='ltr'>An·</span> 
     </span>
     <span class='ocr_line' id='line_1_9' title="bbox 289 1549 1553 1634; baseline -0.002 -22"><span class='ocrx_word' id='word_1_65' title='bbox 289 1551 422 1612; x_wconf 89' lang='lat' dir='ltr'>thonius</span> <span class='ocrx_word' id='word_1_66' title='bbox 446 1552 552 1634; x_wconf 85' lang='lat' dir='ltr'>Segyn</span> <span class='ocrx_word' id='word_1_67' title='bbox 579 1568 765 1613; x_wconf 85' lang='lat' dir='ltr'>executores</span> <span class='ocrx_word' id='word_1_68' title='bbox 789 1551 925 1612; x_wconf 88' lang='lat' dir='ltr'>verbalis</span> <span class='ocrx_word' id='word_1_69' title='bbox 950 1552 1129 1611; x_wconf 77' lang='lat' dir='ltr'>testamenti</span> <span class='ocrx_word' id='word_1_70' title='bbox 1163 1550 1301 1611; x_wconf 90' lang='lat' dir='ltr'>condam</span> <span class='ocrx_word' id='word_1_71' title='bbox 1325 1549 1459 1632; x_wconf 91' lang='lat' dir='ltr'>provide</span> <span class='ocrx_word' id='word_1_72' title='bbox 1484 1569 1553 1610; x_wconf 92' lang='lat' dir='ltr'>mu·</span> 
     </span>
     <span class='ocr_line' id='line_1_10' title="bbox 290 1655 1554 1738; baseline -0.002 -20"><span class='ocrx_word' id='word_1_73' title='bbox 290 1659 377 1718; x_wconf 91' lang='lat' dir='ltr'>lieris</span> <span class='ocrx_word' id='word_1_74' title='bbox 403 1658 567 1720; x_wconf 86' lang='lat' dir='ltr'>Elizabeth</span> <span class='ocrx_word' id='word_1_75' title='bbox 594 1659 703 1720; x_wconf 89' lang='lat' dir='ltr'>relicte</span> <span class='ocrx_word' id='word_1_76' title='bbox 722 1658 858 1718; x_wconf 87' lang='lat' dir='ltr'>condam</span> <span class='ocrx_word' id='word_1_77' title='bbox 883 1657 1043 1718; x_wconf 87' lang='lat' dir='ltr'>Dominici</span> <span class='ocrx_word' id='word_1_78' title='bbox 1063 1657 1179 1718; x_wconf 88' lang='lat' dir='ltr'>sutoris</span> <span class='ocrx_word' id='word_1_79' title='bbox 1212 1655 1427 1718; x_wconf 90' lang='lat' dir='ltr'>vendiderunt</span> <span class='ocrx_word' id='word_1_80' title='bbox 1443 1675 1554 1738; x_wconf 91' lang='lat' dir='ltr'>quem·</span> 
     </span>
     <span class='ocr_line' id='line_1_11' title="bbox 289 1761 1549 1844; baseline 0 -22"><span class='ocrx_word' id='word_1_81' title='bbox 289 1763 363 1823; x_wconf 88' lang='lat' dir='ltr'>dam</span> <span class='ocrx_word' id='word_1_82' title='bbox 389 1761 524 1824; x_wconf 79' lang='lat' dir='ltr'>fundum</span> <span class='ocrx_word' id='word_1_83' title='bbox 550 1783 685 1824; x_wconf 87' lang='lat' dir='ltr'>vacuum</span> <span class='ocrx_word' id='word_1_84' title='bbox 712 1763 877 1844; x_wconf 82' lang='lat' dir='ltr'>Pangracii</span> <span class='ocrx_word' id='word_1_85' title='bbox 905 1763 1057 1824; x_wconf 87' lang='lat' dir='ltr'>institoris</span> <span class='ocrx_word' id='word_1_86' title='bbox 1091 1763 1173 1824; x_wconf 90' lang='lat' dir='ltr'>inter</span> <span class='ocrx_word' id='word_1_87' title='bbox 1198 1763 1331 1823; x_wconf 90' lang='lat' dir='ltr'>domum</span> <span class='ocrx_word' id='word_1_88' title='bbox 1357 1776 1387 1824; x_wconf 93' lang='lat' dir='ltr'>et</span> <span class='ocrx_word' id='word_1_89' title='bbox 1413 1761 1549 1823; x_wconf 83' lang='lat' dir='ltr'>fundum</span> 
     </span>
     <span class='ocr_line' id='line_1_12' title="bbox 289 1867 1551 1950; baseline -0.002 -22"><span class='ocrx_word' id='word_1_90' title='bbox 289 1870 435 1930; x_wconf 88' lang='lat' dir='ltr'>eiusdem</span> <span class='ocrx_word' id='word_1_91' title='bbox 464 1871 626 1950; x_wconf 79' lang='lat' dir='ltr'>Pangracii</span> <span class='ocrx_word' id='word_1_92' title='bbox 646 1885 677 1932; x_wconf 93' lang='lat' dir='ltr'>et</span> <span class='ocrx_word' id='word_1_93' title='bbox 693 1871 830 1931; x_wconf 89' lang='lat' dir='ltr'>condam</span> <span class='ocrx_word' id='word_1_94' title='bbox 851 1869 983 1950; x_wconf 81' lang='lat' dir='ltr'>Georgii</span> <span class='ocrx_word' id='word_1_95' title='bbox 1004 1869 1160 1930; x_wconf 80' lang='lat' dir='ltr'>Seleznalt</span> <span class='ocrx_word' id='word_1_96' title='bbox 1178 1869 1384 1948; x_wconf 81' lang='lat' dir='ltr'>existentem3</span> <span class='ocrx_word' id='word_1_97' title='bbox 1410 1869 1460 1928; x_wconf 91' lang='lat' dir='ltr'>cui</span> <span class='ocrx_word' id='word_1_98' title='bbox 1480 1867 1551 1928; x_wconf 85' lang='lat' dir='ltr'>data</span> 
     </span>
     <span class='ocr_line' id='line_1_13' title="bbox 288 1975 1286 2057; baseline -0.002 -21"><span class='ocrx_word' id='word_1_99' title='bbox 288 1991 336 2036; x_wconf 90' lang='lat' dir='ltr'>est</span> <span class='ocrx_word' id='word_1_100' title='bbox 361 1977 450 2037; x_wconf 91' lang='lat' dir='ltr'>litera</span> <span class='ocrx_word' id='word_1_101' title='bbox 477 1977 684 2057; x_wconf 87' lang='lat' dir='ltr'>privilegialis</span> <span class='ocrx_word' id='word_1_102' title='bbox 710 1977 767 2057; x_wconf 86' lang='lat' dir='ltr'>ipsi</span> <span class='ocrx_word' id='word_1_103' title='bbox 794 1977 972 2056; x_wconf 85' lang='lat' dir='ltr'>Pangracio</span> <span class='ocrx_word' id='word_1_104' title='bbox 996 1995 1091 2057; x_wconf 91' lang='lat' dir='ltr'>super</span> <span class='ocrx_word' id='word_1_105' title='bbox 1116 1975 1286 2057; x_wconf 90' lang='lat' dir='ltr'>premissis.</span> 
     </span>
    </p>

    <p class='ocr_par' dir='ltr' id='par_1_4' title="bbox 289 2096 1554 2714">
     <span class='ocr_line' id='line_1_14' title="bbox 399 2096 1552 2180; baseline -0.003 -20"><span class='ocrx_word' id='word_1_106' title='bbox 399 2099 475 2161; x_wconf 92' lang='lat' dir='ltr'>ltem</span> <span class='ocrx_word' id='word_1_107' title='bbox 500 2101 575 2180; x_wconf 89' lang='lat' dir='ltr'>quia</span> <span class='ocrx_word' id='word_1_108' title='bbox 608 2101 822 2161; x_wconf 85' lang='lat' dir='ltr'>communitas</span> <span class='ocrx_word' id='word_1_109' title='bbox 853 2115 917 2160; x_wconf 85' lang='lat' dir='ltr'>tota</span> <span class='ocrx_word' id='word_1_110' title='bbox 951 2099 1095 2161; x_wconf 87' lang='lat' dir='ltr'>vendidit</span> <span class='ocrx_word' id='word_1_111' title='bbox 1127 2099 1299 2180; x_wconf 89' lang='lat' dir='ltr'>quemdam</span> <span class='ocrx_word' id='word_1_112' title='bbox 1334 2096 1470 2159; x_wconf 82' lang='lat' dir='ltr'>fundum</span> <span class='ocrx_word' id='word_1_113' title='bbox 1496 2117 1552 2157; x_wconf 90' lang='lat' dir='ltr'>seu</span> 
     </span>
     <span class='ocr_line' id='line_1_15' title="bbox 289 2206 1552 2288; baseline 0 -22"><span class='ocrx_word' id='word_1_114' title='bbox 289 2206 421 2266; x_wconf 92' lang='lat' dir='ltr'>domum</span> <span class='ocrx_word' id='word_1_115' title='bbox 449 2207 614 2267; x_wconf 88' lang='lat' dir='ltr'>cuiusdam</span> <span class='ocrx_word' id='word_1_116' title='bbox 641 2207 784 2268; x_wconf 89' lang='lat' dir='ltr'>mulieris</span> <span class='ocrx_word' id='word_1_117' title='bbox 809 2207 1054 2268; x_wconf 84' lang='lat' dir='ltr'>Wrezonoczlra</span> <span class='ocrx_word' id='word_1_118' title='bbox 1084 2221 1212 2288; x_wconf 92' lang='lat' dir='ltr'>propter</span> <span class='ocrx_word' id='word_1_119' title='bbox 1237 2225 1381 2266; x_wconf 83' lang='lat' dir='ltr'>excessus</span> <span class='ocrx_word' id='word_1_120' title='bbox 1405 2223 1461 2265; x_wconf 90' lang='lat' dir='ltr'>seu</span> <span class='ocrx_word' id='word_1_121' title='bbox 1488 2223 1552 2266; x_wconf 83' lang='lat' dir='ltr'>nm·</span> 
     </span>
     <span class='ocr_line' id='line_1_16' title="bbox 290 2313 1553 2396; baseline -0.002 -23"><span class='ocrx_word' id='word_1_122' title='bbox 290 2314 395 2374; x_wconf 88' lang='lat' dir='ltr'>liciam</span> <span class='ocrx_word' id='word_1_123' title='bbox 421 2333 522 2392; x_wconf 86' lang='lat' dir='ltr'>suam,</span> <span class='ocrx_word' id='word_1_124' title='bbox 548 2333 610 2396; x_wconf 90' lang='lat' dir='ltr'>que</span> <span class='ocrx_word' id='word_1_125' title='bbox 635 2331 680 2376; x_wconf 92' lang='lat' dir='ltr'>est</span> <span class='ocrx_word' id='word_1_126' title='bbox 705 2328 790 2376; x_wconf 83' lang='lat' dir='ltr'>extra</span> <span class='ocrx_word' id='word_1_127' title='bbox 807 2313 1003 2375; x_wconf 87' lang='lat' dir='ltr'>territorium</span> <span class='ocrx_word' id='word_1_128' title='bbox 1021 2333 1076 2375; x_wconf 88' lang='lat' dir='ltr'>seu</span> <span class='ocrx_word' id='word_1_129' title='bbox 1102 2313 1262 2374; x_wconf 90' lang='lat' dir='ltr'>civitatem</span> <span class='ocrx_word' id='word_1_130' title='bbox 1289 2327 1428 2374; x_wconf 92' lang='lat' dir='ltr'>nostram</span> <span class='ocrx_word' id='word_1_131' title='bbox 1455 2313 1553 2372; x_wconf 91' lang='lat' dir='ltr'>licen·</span> 
     </span>
     <span class='ocr_line' id='line_1_17' title="bbox 290 2416 1554 2501; baseline 0 -23"><span class='ocrx_word' id='word_1_132' title='bbox 290 2420 383 2496; x_wconf 89' lang='lat' dir='ltr'>ciata,</span> <span class='ocrx_word' id='word_1_133' title='bbox 408 2439 503 2500; x_wconf 90' lang='lat' dir='ltr'>quam</span> <span class='ocrx_word' id='word_1_134' title='bbox 530 2419 744 2481; x_wconf 89' lang='lat' dir='ltr'>vendiderunt</span> <span class='ocrx_word' id='word_1_135' title='bbox 769 2439 827 2501; x_wconf 89' lang='lat' dir='ltr'>pro</span> <span class='ocrx_word' id='word_1_136' title='bbox 851 2435 972 2501; x_wconf 86' lang='lat' dir='ltr'>septem</span> <span class='ocrx_word' id='word_1_137' title='bbox 992 2419 1059 2482; x_wconf 88' lang='lat' dir='ltr'>flor.</span> <span class='ocrx_word' id='word_1_138' title='bbox 1088 2421 1181 2481; x_wconf 86' lang='lat' dir='ltr'>Petro</span> <span class='ocrx_word' id='word_1_139' title='bbox 1200 2419 1388 2500; x_wconf 84' lang='lat' dir='ltr'>Bedekoycz</span> <span class='ocrx_word' id='word_1_140' title='bbox 1413 2431 1443 2478; x_wconf 93' lang='lat' dir='ltr'>et</span> <span class='ocrx_word' id='word_1_141' title='bbox 1459 2416 1554 2478; x_wconf 88' lang='lat' dir='ltr'>Clare</span> 
     </span>
     <span class='ocr_line' id='line_1_18' title="bbox 291 2523 1554 2607; baseline -0.003 -22"><span class='ocrx_word' id='word_1_142' title='bbox 291 2526 382 2585; x_wconf 90' lang='lat' dir='ltr'>matri</span> <span class='ocrx_word' id='word_1_143' title='bbox 403 2526 557 2604; x_wconf 90' lang='lat' dir='ltr'>eiusdem,</span> <span class='ocrx_word' id='word_1_144' title='bbox 575 2527 628 2607; x_wconf 91' lang='lat' dir='ltr'>qui</span> <span class='ocrx_word' id='word_1_145' title='bbox 649 2525 766 2587; x_wconf 87' lang='lat' dir='ltr'>fundus</span> <span class='ocrx_word' id='word_1_146' title='bbox 791 2541 836 2586; x_wconf 90' lang='lat' dir='ltr'>est</span> <span class='ocrx_word' id='word_1_147' title='bbox 854 2545 951 2606; x_wconf 93' lang='lat' dir='ltr'>penes</span> <span class='ocrx_word' id='word_1_148' title='bbox 970 2524 1105 2586; x_wconf 79' lang='lat' dir='ltr'>fundum</span> <span class='ocrx_word' id='word_1_149' title='bbox 1125 2525 1253 2586; x_wconf 88' lang='lat' dir='ltr'>Martini</span> <span class='ocrx_word' id='word_1_150' title='bbox 1272 2525 1418 2598; x_wconf 89' lang='lat' dir='ltr'>sartoris;</span> <span class='ocrx_word' id='word_1_151' title='bbox 1436 2523 1554 2603; x_wconf 91' lang='lat' dir='ltr'>quibus</span> 
     </span>
     <span class='ocr_line' id='line_1_19' title="bbox 290 2630 1100 2714; baseline 0.004 -25"><span class='ocrx_word' id='word_1_152' title='bbox 290 2630 363 2692; x_wconf 92' lang='lat' dir='ltr'>data</span> <span class='ocrx_word' id='word_1_153' title='bbox 389 2646 434 2692; x_wconf 90' lang='lat' dir='ltr'>est</span> <span class='ocrx_word' id='word_1_154' title='bbox 458 2631 547 2692; x_wconf 90' lang='lat' dir='ltr'>litera</span> <span class='ocrx_word' id='word_1_155' title='bbox 574 2631 782 2714; x_wconf 80' lang='lat' dir='ltr'>privilegialis</span> <span class='ocrx_word' id='word_1_156' title='bbox 807 2651 902 2713; x_wconf 91' lang='lat' dir='ltr'>super</span> <span class='ocrx_word' id='word_1_157' title='bbox 927 2632 1100 2712; x_wconf 88' lang='lat' dir='ltr'>premissis.</span> 
     </span>
    </p>
   </div>
   <div class='ocr_carea' id='block_1_2' title="bbox 289 2753 1554 3263">
    <p class='ocr_par' dir='ltr' id='par_1_5' title="bbox 289 2753 1554 3263">
     <span class='ocr_line' id='line_1_20' title="bbox 399 2753 1552 2838; baseline -0.003 -24"><span class='ocrx_word' id='word_1_158' title='bbox 399 2754 474 2816; x_wconf 91' lang='lat' dir='ltr'>ltem</span> <span class='ocrx_word' id='word_1_159' title='bbox 500 2755 575 2836; x_wconf 89' lang='lat' dir='ltr'>quia</span> <span class='ocrx_word' id='word_1_160' title='bbox 602 2755 765 2838; x_wconf 86' lang='lat' dir='ltr'>Stephano</span> <span class='ocrx_word' id='word_1_161' title='bbox 798 2755 945 2838; x_wconf 88' lang='lat' dir='ltr'>plathnar</span> <span class='ocrx_word' id='word_1_162' title='bbox 973 2755 1064 2816; x_wconf 90' lang='lat' dir='ltr'>litere</span> <span class='ocrx_word' id='word_1_163' title='bbox 1095 2773 1190 2836; x_wconf 89' lang='lat' dir='ltr'>super</span> <span class='ocrx_word' id='word_1_164' title='bbox 1214 2754 1353 2834; x_wconf 84' lang='lat' dir='ltr'>quedam</span> <span class='ocrx_word' id='word_1_165' title='bbox 1379 2753 1471 2813; x_wconf 87' lang='lat' dir='ltr'>vinea</span> <span class='ocrx_word' id='word_1_166' title='bbox 1497 2771 1552 2811; x_wconf 86' lang='lat' dir='ltr'>sua</span> 
     </span>
     <span class='ocr_line' id='line_1_21' title="bbox 289 2858 1554 2944; baseline -0.003 -24"><span class='ocrx_word' id='word_1_167' title='bbox 289 2860 507 2922; x_wconf 88' lang='lat' dir='ltr'>condicionali</span> <span class='ocrx_word' id='word_1_168' title='bbox 533 2862 700 2924; x_wconf 87' lang='lat' dir='ltr'>casualiter</span> <span class='ocrx_word' id='word_1_169' title='bbox 718 2863 883 2944; x_wconf 89' lang='lat' dir='ltr'>deperdite</span> <span class='ocrx_word' id='word_1_170' title='bbox 909 2861 1048 2940; x_wconf 85' lang='lat' dir='ltr'>luerunt,</span> <span class='ocrx_word' id='word_1_171' title='bbox 1081 2876 1111 2924; x_wconf 92' lang='lat' dir='ltr'>et</span> <span class='ocrx_word' id='word_1_172' title='bbox 1136 2861 1210 2943; x_wconf 88' lang='lat' dir='ltr'>quia</span> <span class='ocrx_word' id='word_1_173' title='bbox 1243 2859 1434 2941; x_wconf 89' lang='lat' dir='ltr'>supplicavit</span> <span class='ocrx_word' id='word_1_174' title='bbox 1460 2858 1554 2918; x_wconf 89' lang='lat' dir='ltr'>nobis</span> 
     </span>
     <span class='ocr_line' id='line_1_22' title="bbox 289 2965 1554 3045; baseline -0.002 -19"><span class='ocrx_word' id='word_1_175' title='bbox 289 2980 321 3027; x_wconf 91' lang='lat' dir='ltr'>et</span> <span class='ocrx_word' id='word_1_176' title='bbox 345 2981 451 3027; x_wconf 90' lang='lat' dir='ltr'>nostre</span> <span class='ocrx_word' id='word_1_177' title='bbox 479 2969 713 3045; x_wconf 90' lang='lat' dir='ltr'>communitati,</span> <span class='ocrx_word' id='word_1_178' title='bbox 739 2983 772 3028; x_wconf 90' lang='lat' dir='ltr'>ut</span> <span class='ocrx_word' id='word_1_179' title='bbox 795 2969 855 3028; x_wconf 90' lang='lat' dir='ltr'>sibi</span> <span class='ocrx_word' id='word_1_180' title='bbox 881 2969 989 3029; x_wconf 89' lang='lat' dir='ltr'>literas</span> <span class='ocrx_word' id='word_1_181' title='bbox 1013 2967 1196 3029; x_wconf 88' lang='lat' dir='ltr'>statutorias</span> <span class='ocrx_word' id='word_1_182' title='bbox 1229 2966 1304 3026; x_wconf 90' lang='lat' dir='ltr'>dare</span> <span class='ocrx_word' id='word_1_183' title='bbox 1329 2965 1554 3045; x_wconf 85' lang='lat' dir='ltr'>dignaremur;</span> 
     </span>
     <span class='ocr_line' id='line_1_23' title="bbox 290 3068 1554 3154; baseline -0.004 -23"><span class='ocrx_word' id='word_1_184' title='bbox 290 3073 383 3132; x_wconf 88' lang='lat' dir='ltr'>cuius</span> <span class='ocrx_word' id='word_1_185' title='bbox 415 3073 628 3154; x_wconf 89' lang='lat' dir='ltr'>peticionibus</span> <span class='ocrx_word' id='word_1_186' title='bbox 652 3075 750 3152; x_wconf 90' lang='lat' dir='ltr'>moti,</span> <span class='ocrx_word' id='word_1_187' title='bbox 782 3073 887 3134; x_wconf 88' lang='lat' dir='ltr'>eidem</span> <span class='ocrx_word' id='word_1_188' title='bbox 914 3073 1019 3134; x_wconf 87' lang='lat' dir='ltr'>literas</span> <span class='ocrx_word' id='word_1_189' title='bbox 1052 3087 1175 3134; x_wconf 90' lang='lat' dir='ltr'>nostras</span> <span class='ocrx_word' id='word_1_190' title='bbox 1198 3069 1381 3133; x_wconf 86' lang='lat' dir='ltr'>statutorias</span> <span class='ocrx_word' id='word_1_191' title='bbox 1405 3068 1554 3130; x_wconf 90' lang='lat' dir='ltr'>dedimus</span> 
     </span>
     <span class='ocr_line' id='line_1_24' title="bbox 289 3177 1032 3263; baseline 0.008 -27"><span class='ocrx_word' id='word_1_192' title='bbox 289 3177 532 3258; x_wconf 83' lang='lat' dir='ltr'>privilegialiter</span> <span class='ocrx_word' id='word_1_193' title='bbox 556 3196 719 3240; x_wconf 88' lang='lat' dir='ltr'>emanatas</span> <span class='ocrx_word' id='word_1_194' title='bbox 742 3199 837 3263; x_wconf 92' lang='lat' dir='ltr'>super</span> <span class='ocrx_word' id='word_1_195' title='bbox 862 3181 1032 3261; x_wconf 88' lang='lat' dir='ltr'>premissis.</span> 
     </span>
    </p>
   </div>
   <div class='ocr_carea' id='block_1_3' title="bbox 291 3299 1555 3810">
    <p class='ocr_par' dir='ltr' id='par_1_6' title="bbox 291 3299 1555 3810">
     <span class='ocr_line' id='line_1_25' title="bbox 398 3299 1553 3384; baseline -0.003 -23"><span class='ocrx_word' id='word_1_196' title='bbox 398 3301 474 3363; x_wconf 90' lang='lat' dir='ltr'>ltem</span> <span class='ocrx_word' id='word_1_197' title='bbox 500 3303 576 3382; x_wconf 90' lang='lat' dir='ltr'>quia</span> <span class='ocrx_word' id='word_1_198' title='bbox 602 3303 738 3365; x_wconf 91' lang='lat' dir='ltr'>Michael</span> <span class='ocrx_word' id='word_1_199' title='bbox 763 3319 851 3364; x_wconf 89' lang='lat' dir='ltr'>sutor</span> <span class='ocrx_word' id='word_1_200' title='bbox 874 3323 974 3384; x_wconf 86' lang='lat' dir='ltr'>gener</span> <span class='ocrx_word' id='word_1_201' title='bbox 998 3318 1028 3365; x_wconf 91' lang='lat' dir='ltr'>et</span> <span class='ocrx_word' id='word_1_202' title='bbox 1053 3317 1202 3363; x_wconf 83' lang='lat' dir='ltr'>executor</span> <span class='ocrx_word' id='word_1_203' title='bbox 1219 3301 1399 3362; x_wconf 84' lang='lat' dir='ltr'>testamenti</span> <span class='ocrx_word' id='word_1_204' title='bbox 1426 3299 1553 3381; x_wconf 89' lang='lat' dir='ltr'>providi</span> 
     </span>
     <span class='ocr_line' id='line_1_26' title="bbox 291 3404 1550 3488; baseline -0.002 -22"><span class='ocrx_word' id='word_1_205' title='bbox 291 3405 429 3467; x_wconf 89' lang='lat' dir='ltr'>condam</span> <span class='ocrx_word' id='word_1_206' title='bbox 454 3407 513 3468; x_wconf 93' lang='lat' dir='ltr'>viri</span> <span class='ocrx_word' id='word_1_207' title='bbox 539 3409 625 3470; x_wconf 90' lang='lat' dir='ltr'>Luce</span> <span class='ocrx_word' id='word_1_208' title='bbox 650 3410 765 3470; x_wconf 87' lang='lat' dir='ltr'>sutoris</span> <span class='ocrx_word' id='word_1_209' title='bbox 790 3409 904 3470; x_wconf 90' lang='lat' dir='ltr'>virtute</span> <span class='ocrx_word' id='word_1_210' title='bbox 930 3409 1111 3470; x_wconf 86' lang='lat' dir='ltr'>executoria</span> <span class='ocrx_word' id='word_1_211' title='bbox 1136 3408 1280 3469; x_wconf 90' lang='lat' dir='ltr'>vendidit</span> <span class='ocrx_word' id='word_1_212' title='bbox 1305 3407 1467 3488; x_wconf 88' lang='lat' dir='ltr'>quandam</span> <span class='ocrx_word' id='word_1_213' title='bbox 1493 3404 1550 3464; x_wconf 93' lang='lat' dir='ltr'>do-</span> 
     </span>
     <span class='ocr_line' id='line_1_27' title="bbox 292 3511 1549 3596; baseline -0.001 -24"><span class='ocrx_word' id='word_1_214' title='bbox 292 3531 382 3572; x_wconf 89' lang='lat' dir='ltr'>mum</span> <span class='ocrx_word' id='word_1_215' title='bbox 401 3527 558 3575; x_wconf 87' lang='lat' dir='ltr'>muratam</span> <span class='ocrx_word' id='word_1_216' title='bbox 586 3515 684 3596; x_wconf 90' lang='lat' dir='ltr'>ipsius</span> <span class='ocrx_word' id='word_1_217' title='bbox 708 3516 845 3577; x_wconf 87' lang='lat' dir='ltr'>condam</span> <span class='ocrx_word' id='word_1_218' title='bbox 865 3516 950 3578; x_wconf 90' lang='lat' dir='ltr'>Luce</span> <span class='ocrx_word' id='word_1_219' title='bbox 976 3517 1057 3576; x_wconf 90' lang='lat' dir='ltr'>inter</span> <span class='ocrx_word' id='word_1_220' title='bbox 1074 3515 1206 3576; x_wconf 90' lang='lat' dir='ltr'>domum</span> <span class='ocrx_word' id='word_1_221' title='bbox 1228 3513 1309 3574; x_wconf 87' lang='lat' dir='ltr'>Petri</span> <span class='ocrx_word' id='word_1_222' title='bbox 1335 3511 1549 3593; x_wconf 84' lang='lat' dir='ltr'>Bedeltoy(cz)</span> 
     </span>
     <span class='ocr_line' id='line_1_28' title="bbox 292 3617 1555 3704; baseline 0.001 -27"><span class='ocrx_word' id='word_1_223' title='bbox 292 3631 325 3679; x_wconf 91' lang='lat' dir='ltr'>et</span> <span class='ocrx_word' id='word_1_224' title='bbox 343 3617 501 3681; x_wconf 90' lang='lat' dir='ltr'>Valentini</span> <span class='ocrx_word' id='word_1_225' title='bbox 522 3621 685 3702; x_wconf 83' lang='lat' dir='ltr'>Pungracz</span> <span class='ocrx_word' id='word_1_226' title='bbox 703 3642 761 3704; x_wconf 90' lang='lat' dir='ltr'>pro</span> <span class='ocrx_word' id='word_1_227' title='bbox 786 3623 930 3704; x_wconf 92' lang='lat' dir='ltr'>quinque</span> <span class='ocrx_word' id='word_1_228' title='bbox 948 3622 1039 3699; x_wconf 90' lang='lat' dir='ltr'>flor.;</span> <span class='ocrx_word' id='word_1_229' title='bbox 1063 3622 1114 3682; x_wconf 89' lang='lat' dir='ltr'>cui</span> <span class='ocrx_word' id='word_1_230' title='bbox 1141 3621 1212 3681; x_wconf 89' lang='lat' dir='ltr'>data</span> <span class='ocrx_word' id='word_1_231' title='bbox 1238 3633 1285 3682; x_wconf 89' lang='lat' dir='ltr'>est</span> <span class='ocrx_word' id='word_1_232' title='bbox 1310 3619 1400 3680; x_wconf 90' lang='lat' dir='ltr'>litera</span> <span class='ocrx_word' id='word_1_233' title='bbox 1425 3617 1555 3698; x_wconf 87' lang='lat' dir='ltr'>privile·</span> 
     </span>
     <span class='ocr_line' id='line_1_29' title="bbox 292 3723 1140 3810; baseline 0.006 -27"><span class='ocrx_word' id='word_1_234' title='bbox 292 3723 387 3803; x_wconf 88' lang='lat' dir='ltr'>gialis</span> <span class='ocrx_word' id='word_1_235' title='bbox 412 3726 540 3788; x_wconf 82' lang='lat' dir='ltr'>Andree</span> <span class='ocrx_word' id='word_1_236' title='bbox 565 3725 632 3788; x_wconf 87' lang='lat' dir='ltr'>filio</span> <span class='ocrx_word' id='word_1_237' title='bbox 659 3728 824 3790; x_wconf 87' lang='lat' dir='ltr'>Michaelis</span> <span class='ocrx_word' id='word_1_238' title='bbox 849 3749 944 3810; x_wconf 88' lang='lat' dir='ltr'>super</span> <span class='ocrx_word' id='word_1_239' title='bbox 969 3728 1140 3810; x_wconf 88' lang='lat' dir='ltr'>premissis.</span> 
     </span>
    </p>
   </div>
   <div class='ocr_carea' id='block_1_4' title="bbox 291 3849 1555 4466">
    <p class='ocr_par' dir='ltr' id='par_1_7' title="bbox 291 3849 1555 4466">
     <span class='ocr_line' id='line_1_30' title="bbox 401 3849 1554 3932; baseline -0.003 -22"><span class='ocrx_word' id='word_1_240' title='bbox 401 3849 476 3911; x_wconf 90' lang='lat' dir='ltr'>ltem</span> <span class='ocrx_word' id='word_1_241' title='bbox 502 3853 577 3932; x_wconf 92' lang='lat' dir='ltr'>quia</span> <span class='ocrx_word' id='word_1_242' title='bbox 602 3853 747 3915; x_wconf 90' lang='lat' dir='ltr'>vendidit</span> <span class='ocrx_word' id='word_1_243' title='bbox 772 3854 904 3914; x_wconf 88' lang='lat' dir='ltr'>domina</span> <span class='ocrx_word' id='word_1_244' title='bbox 924 3854 1023 3914; x_wconf 91' lang='lat' dir='ltr'>Elena</span> <span class='ocrx_word' id='word_1_245' title='bbox 1041 3873 1131 3914; x_wconf 92' lang='lat' dir='ltr'>soror</span> <span class='ocrx_word' id='word_1_246' title='bbox 1156 3851 1279 3912; x_wconf 91' lang='lat' dir='ltr'>domini</span> <span class='ocrx_word' id='word_1_247' title='bbox 1299 3849 1453 3912; x_wconf 83' lang='lat' dir='ltr'>iohannis</span> <span class='ocrx_word' id='word_1_248' title='bbox 1470 3866 1554 3928; x_wconf 92' lang='lat' dir='ltr'>pres·</span> 
     </span>
     <span class='ocr_line' id='line_1_31' title="bbox 293 3955 1553 4040; baseline -0.002 -26"><span class='ocrx_word' id='word_1_249' title='bbox 293 3955 387 4016; x_wconf 90' lang='lat' dir='ltr'>biteri</span> <span class='ocrx_word' id='word_1_250' title='bbox 410 3959 525 4019; x_wconf 87' lang='lat' dir='ltr'>totales</span> <span class='ocrx_word' id='word_1_251' title='bbox 549 3961 765 4040; x_wconf 84' lang='lat' dir='ltr'>possessiones</span> <span class='ocrx_word' id='word_1_252' title='bbox 789 3979 872 4036; x_wconf 87' lang='lat' dir='ltr'>suas,</span> <span class='ocrx_word' id='word_1_253' title='bbox 913 3960 1063 4020; x_wconf 89' lang='lat' dir='ltr'>videlicet</span> <span class='ocrx_word' id='word_1_254' title='bbox 1095 3959 1226 4020; x_wconf 86' lang='lat' dir='ltr'>totalem</span> <span class='ocrx_word' id='word_1_255' title='bbox 1253 3957 1438 4038; x_wconf 90' lang='lat' dir='ltr'>porcionem</span> <span class='ocrx_word' id='word_1_256' title='bbox 1464 3973 1553 4014; x_wconf 90' lang='lat' dir='ltr'>suam</span> 
     </span>
     <span class='ocr_line' id='line_1_32' title="bbox 293 4060 1555 4146; baseline -0.001 -25"><span class='ocrx_word' id='word_1_257' title='bbox 293 4060 408 4140; x_wconf 91' lang='lat' dir='ltr'>civilis,</span> <span class='ocrx_word' id='word_1_258' title='bbox 433 4077 587 4126; x_wconf 88' lang='lat' dir='ltr'>terrarum</span> <span class='ocrx_word' id='word_1_259' title='bbox 613 4066 795 4144; x_wconf 86' lang='lat' dir='ltr'>arabilium,</span> <span class='ocrx_word' id='word_1_260' title='bbox 820 4064 968 4127; x_wconf 89' lang='lat' dir='ltr'>lenilium</span> <span class='ocrx_word' id='word_1_261' title='bbox 991 4065 1021 4126; x_wconf 90' lang='lat' dir='ltr'>in</span> <span class='ocrx_word' id='word_1_262' title='bbox 1056 4084 1169 4146; x_wconf 86' lang='lat' dir='ltr'>campo</span> <span class='ocrx_word' id='word_1_263' title='bbox 1194 4077 1225 4126; x_wconf 92' lang='lat' dir='ltr'>et</span> <span class='ocrx_word' id='word_1_264' title='bbox 1248 4062 1409 4125; x_wconf 89' lang='lat' dir='ltr'>territorio</span> <span class='ocrx_word' id='word_1_265' title='bbox 1434 4074 1555 4136; x_wconf 92' lang='lat' dir='ltr'>nostro,</span> 
     </span>
     <span class='ocr_line' id='line_1_33' title="bbox 292 4166 1555 4252; baseline -0.001 -26"><span class='ocrx_word' id='word_1_266' title='bbox 292 4167 387 4229; x_wconf 92' lang='lat' dir='ltr'>civile</span> <span class='ocrx_word' id='word_1_267' title='bbox 412 4189 508 4250; x_wconf 91' lang='lat' dir='ltr'>penes</span> <span class='ocrx_word' id='word_1_268' title='bbox 529 4171 624 4233; x_wconf 92' lang='lat' dir='ltr'>civile</span> <span class='ocrx_word' id='word_1_269' title='bbox 648 4191 705 4234; x_wconf 92' lang='lat' dir='ltr'>seu</span> <span class='ocrx_word' id='word_1_270' title='bbox 733 4170 868 4233; x_wconf 84' lang='lat' dir='ltr'>fundum</span> <span class='ocrx_word' id='word_1_271' title='bbox 888 4171 1014 4232; x_wconf 89' lang='lat' dir='ltr'>Andree</span> <span class='ocrx_word' id='word_1_272' title='bbox 1034 4171 1144 4248; x_wconf 91' lang='lat' dir='ltr'>ltalici,</span> <span class='ocrx_word' id='word_1_273' title='bbox 1161 4191 1241 4252; x_wconf 89' lang='lat' dir='ltr'>quas</span> <span class='ocrx_word' id='word_1_274' title='bbox 1265 4168 1410 4231; x_wconf 90' lang='lat' dir='ltr'>vendidit</span> <span class='ocrx_word' id='word_1_275' title='bbox 1428 4166 1555 4227; x_wconf 82' lang='lat' dir='ltr'>Andree</span> 
     </span>
     <span class='ocr_line' id='line_1_34' title="bbox 291 4271 1554 4359; baseline -0.003 -26"><span class='ocrx_word' id='word_1_276' title='bbox 291 4271 362 4334; x_wconf 91' lang='lat' dir='ltr'>filio</span> <span class='ocrx_word' id='word_1_277' title='bbox 388 4275 553 4338; x_wconf 85' lang='lat' dir='ltr'>Michaelis</span> <span class='ocrx_word' id='word_1_278' title='bbox 585 4290 694 4339; x_wconf 93' lang='lat' dir='ltr'>nostro</span> <span class='ocrx_word' id='word_1_279' title='bbox 726 4277 849 4338; x_wconf 92' lang='lat' dir='ltr'>concivi</span> <span class='ocrx_word' id='word_1_280' title='bbox 883 4297 941 4359; x_wconf 94' lang='lat' dir='ltr'>pro</span> <span class='ocrx_word' id='word_1_281' title='bbox 972 4278 1100 4359; x_wconf 87' lang='lat' dir='ltr'>triginta</span> <span class='ocrx_word' id='word_1_282' title='bbox 1134 4277 1262 4338; x_wconf 87' lang='lat' dir='ltr'>duobus</span> <span class='ocrx_word' id='word_1_283' title='bbox 1286 4275 1354 4337; x_wconf 92' lang='lat' dir='ltr'>flor.</span> <span class='ocrx_word' id='word_1_284' title='bbox 1380 4273 1467 4347; x_wconf 88' lang='lat' dir='ltr'>auri;</span> <span class='ocrx_word' id='word_1_285' title='bbox 1503 4271 1554 4330; x_wconf 91' lang='lat' dir='ltr'>cui</span> 
     </span>
     <span class='ocr_line' id='line_1_35' title="bbox 292 4378 1510 4466; baseline 0.001 -29"><span class='ocrx_word' id='word_1_286' title='bbox 292 4379 367 4438; x_wconf 88' lang='lat' dir='ltr'>data</span> <span class='ocrx_word' id='word_1_287' title='bbox 393 4393 439 4441; x_wconf 91' lang='lat' dir='ltr'>est</span> <span class='ocrx_word' id='word_1_288' title='bbox 462 4381 552 4444; x_wconf 87' lang='lat' dir='ltr'>litera</span> <span class='ocrx_word' id='word_1_289' title='bbox 577 4383 787 4464; x_wconf 82' lang='lat' dir='ltr'>privilegialis</span> <span class='ocrx_word' id='word_1_290' title='bbox 809 4403 905 4465; x_wconf 90' lang='lat' dir='ltr'>super</span> <span class='ocrx_word' id='word_1_291' title='bbox 932 4383 1094 4466; x_wconf 87' lang='lat' dir='ltr'>premissis</span> <span class='ocrx_word' id='word_1_292' title='bbox 1118 4397 1273 4464; x_wconf 90' lang='lat' dir='ltr'>perpetuo</span> <span class='ocrx_word' id='word_1_293' title='bbox 1299 4378 1510 4462; x_wconf 89' lang='lat' dir='ltr'>possidendis.</span> 
     </span>
    </p>
   </div>
   <div class='ocr_carea' id='block_1_5' title="bbox 292 4500 1556 5120">
    <p class='ocr_par' dir='ltr' id='par_1_8' title="bbox 292 4500 1556 5120">
     <span class='ocr_line' id='line_1_36' title="bbox 402 4500 1554 4588; baseline -0.004 -23"><span class='ocrx_word' id='word_1_294' title='bbox 402 4504 478 4566; x_wconf 92' lang='lat' dir='ltr'>ltem</span> <span class='ocrx_word' id='word_1_295' title='bbox 504 4507 578 4586; x_wconf 91' lang='lat' dir='ltr'>quia</span> <span class='ocrx_word' id='word_1_296' title='bbox 603 4509 839 4570; x_wconf 88' lang='lat' dir='ltr'>testamentarie</span> <span class='ocrx_word' id='word_1_297' title='bbox 857 4507 1014 4588; x_wconf 84' lang='lat' dir='ltr'>legacioni</span> <span class='ocrx_word' id='word_1_298' title='bbox 1033 4507 1170 4569; x_wconf 88' lang='lat' dir='ltr'>condam</span> <span class='ocrx_word' id='word_1_299' title='bbox 1196 4505 1351 4568; x_wconf 82' lang='lat' dir='ltr'>lobannis</span> <span class='ocrx_word' id='word_1_300' title='bbox 1376 4500 1554 4586; x_wconf 88' lang='lat' dir='ltr'>presbiteri,</span> 
     </span>
     <span class='ocr_line' id='line_1_37' title="bbox 292 4608 1556 4693; baseline -0.002 -24"><span class='ocrx_word' id='word_1_301' title='bbox 292 4611 404 4688; x_wconf 92' lang='lat' dir='ltr'>quoad</span> <span class='ocrx_word' id='word_1_302' title='bbox 428 4613 615 4693; x_wconf 90' lang='lat' dir='ltr'>porcionem</span> <span class='ocrx_word' id='word_1_303' title='bbox 641 4614 770 4674; x_wconf 90' lang='lat' dir='ltr'>Andree</span> <span class='ocrx_word' id='word_1_304' title='bbox 792 4613 848 4675; x_wconf 89' lang='lat' dir='ltr'>filii</span> <span class='ocrx_word' id='word_1_305' title='bbox 876 4614 1042 4676; x_wconf 88' lang='lat' dir='ltr'>Michaelis</span> <span class='ocrx_word' id='word_1_306' title='bbox 1074 4614 1224 4675; x_wconf 90' lang='lat' dir='ltr'>videlicet</span> <span class='ocrx_word' id='word_1_307' title='bbox 1256 4611 1437 4673; x_wconf 86' lang='lat' dir='ltr'>medietatis</span> <span class='ocrx_word' id='word_1_308' title='bbox 1461 4608 1556 4670; x_wconf 90' lang='lat' dir='ltr'>unius</span> 
     </span>
     <span class='ocr_line' id='line_1_38' title="bbox 292 4713 1554 4802; baseline -0.002 -28"><span class='ocrx_word' id='word_1_309' title='bbox 292 4713 412 4777; x_wconf 90' lang='lat' dir='ltr'>domus</span> <span class='ocrx_word' id='word_1_310' title='bbox 436 4734 558 4782; x_wconf 87' lang='lat' dir='ltr'>murare</span> <span class='ocrx_word' id='word_1_311' title='bbox 583 4739 680 4802; x_wconf 91' lang='lat' dir='ltr'>penes</span> <span class='ocrx_word' id='word_1_312' title='bbox 705 4720 839 4781; x_wconf 91' lang='lat' dir='ltr'>domum</span> <span class='ocrx_word' id='word_1_313' title='bbox 866 4721 993 4782; x_wconf 83' lang='lat' dir='ltr'>Andree</span> <span class='ocrx_word' id='word_1_314' title='bbox 1019 4720 1117 4782; x_wconf 88' lang='lat' dir='ltr'>ltalici</span> <span class='ocrx_word' id='word_1_315' title='bbox 1150 4741 1186 4781; x_wconf 87' lang='lat' dir='ltr'>ac</span> <span class='ocrx_word' id='word_1_316' title='bbox 1219 4719 1353 4780; x_wconf 90' lang='lat' dir='ltr'>aliarum</span> <span class='ocrx_word' id='word_1_317' title='bbox 1381 4714 1554 4798; x_wconf 87' lang='lat' dir='ltr'>possessio-</span> 
     </span>
     <span class='ocr_line' id='line_1_39' title="bbox 293 4821 1554 4908; baseline -0.002 -27"><span class='ocrx_word' id='word_1_318' title='bbox 293 4841 386 4899; x_wconf 90' lang='lat' dir='ltr'>num,</span> <span class='ocrx_word' id='word_1_319' title='bbox 412 4823 510 4885; x_wconf 87' lang='lat' dir='ltr'>Elena</span> <span class='ocrx_word' id='word_1_320' title='bbox 536 4845 625 4888; x_wconf 88' lang='lat' dir='ltr'>soror</span> <span class='ocrx_word' id='word_1_321' title='bbox 649 4827 726 4888; x_wconf 93' lang='lat' dir='ltr'>dicti</span> <span class='ocrx_word' id='word_1_322' title='bbox 749 4825 904 4887; x_wconf 80' lang='lat' dir='ltr'>iohannis</span> <span class='ocrx_word' id='word_1_323' title='bbox 934 4827 1100 4908; x_wconf 91' lang='lat' dir='ltr'>presbiteri</span> <span class='ocrx_word' id='word_1_324' title='bbox 1126 4839 1157 4888; x_wconf 91' lang='lat' dir='ltr'>et</span> <span class='ocrx_word' id='word_1_325' title='bbox 1188 4826 1280 4887; x_wconf 91' lang='lat' dir='ltr'>liberi</span> <span class='ocrx_word' id='word_1_326' title='bbox 1305 4822 1443 4883; x_wconf 86' lang='lat' dir='ltr'>condam</span> <span class='ocrx_word' id='word_1_327' title='bbox 1471 4821 1554 4880; x_wconf 80' lang='lat' dir='ltr'>Luce</span> 
     </span>
     <span class='ocr_line' id='line_1_40' title="bbox 292 4925 1554 5014; baseline -0.005 -25"><span class='ocrx_word' id='word_1_328' title='bbox 292 4930 413 4990; x_wconf 90' lang='lat' dir='ltr'>sutoris</span> <span class='ocrx_word' id='word_1_329' title='bbox 436 4949 625 4993; x_wconf 89' lang='lat' dir='ltr'>consensum</span> <span class='ocrx_word' id='word_1_330' title='bbox 652 4935 849 5014; x_wconf 92' lang='lat' dir='ltr'>prebuerunt</span> <span class='ocrx_word' id='word_1_331' title='bbox 872 4935 988 5014; x_wconf 87' lang='lat' dir='ltr'>pariter</span> <span class='ocrx_word' id='word_1_332' title='bbox 1006 4947 1036 4994; x_wconf 91' lang='lat' dir='ltr'>et</span> <span class='ocrx_word' id='word_1_333' title='bbox 1060 4952 1227 5008; x_wconf 89' lang='lat' dir='ltr'>asensum;</span> <span class='ocrx_word' id='word_1_334' title='bbox 1253 4931 1301 4992; x_wconf 93' lang='lat' dir='ltr'>cui</span> <span class='ocrx_word' id='word_1_335' title='bbox 1329 4928 1456 4989; x_wconf 86' lang='lat' dir='ltr'>Andree</span> <span class='ocrx_word' id='word_1_336' title='bbox 1483 4925 1554 4985; x_wconf 87' lang='lat' dir='ltr'>data</span> 
     </span>
     <span class='ocr_line' id='line_1_41' title="bbox 293 5035 1005 5120; baseline 0.004 -23"><span class='ocrx_word' id='word_1_337' title='bbox 293 5049 343 5097; x_wconf 87' lang='lat' dir='ltr'>est</span> <span class='ocrx_word' id='word_1_338' title='bbox 369 5035 456 5097; x_wconf 89' lang='lat' dir='ltr'>litera</span> <span class='ocrx_word' id='word_1_339' title='bbox 481 5037 690 5120; x_wconf 82' lang='lat' dir='ltr'>privilegialis</span> <span class='ocrx_word' id='word_1_340' title='bbox 713 5058 809 5119; x_wconf 90' lang='lat' dir='ltr'>super</span> <span class='ocrx_word' id='word_1_341' title='bbox 833 5038 1005 5120; x_wconf 86' lang='lat' dir='ltr'>premissis.</span> 
     </span>
    </p>
   </div>
   <div class='ocr_carea' id='block_1_6' title="bbox 0 0 1934 5802">
    <p class='ocr_par' dir='ltr' id='par_1_9' title="bbox 0 0 1934 5802">
     <span class='ocr_line' id='line_1_42' title="bbox 0 0 1934 5802; baseline 0 0"><span class='ocrx_word' id='word_1_342' title='bbox 0 0 1934 5802; x_wconf 95' lang='lat' dir='ltr'> </span> 
     </span>
    </p>
   </div>
  </div>
 </body>
</html>
