3804 5798
386 601 448 662 254
932 583 1079 643 Rationes.

488 793 567 857 Item
594 796 715 857 Jacobo
740 794 911 878 Glawycza
931 844 938 857 .
955 843 985 858 ..
1009 795 1068 856 sol.
1092 793 1127 856 1⁰.

488 900 567 965 Item
593 901 757 984 Stephano
786 900 886 964 Saffar
903 948 911 964 .
929 947 960 964 ..
986 901 1045 962 sol.
1071 899 1106 962 It.

490 1009 620 1071 Matheo
644 1009 840 1071 curiductori
857 1057 864 1072 .
881 1056 915 1071 ..
939 1009 997 1070 sol.
1022 1009 1056 1070 L.

490 1113 569 1178 Item
594 1115 672 1177 feria
704 1115 801 1177 tercia
833 1131 904 1196 post
937 1114 1133 1175 dominicam
1169 1113 1281 1174 Letare
1314 1111 1465 1193 magistro
1489 1111 1583 1171 Petro
1608 1110 1649 1170 de

385 1221 561 1284 Gwdowcz
585 1221 625 1283 ad
650 1222 814 1282 sallarium
839 1241 933 1282 suum
959 1221 1108 1282 dedi...
1133 1220 1192 1282 sol.
1215 1219 1329 1282 XXV‘.

490 1327 569 1390 Item
593 1325 672 1389 feria
696 1342 782 1389 sexta
808 1327 947 1389 Chasme
972 1327 1036 1389 emi
1061 1327 1227 1409 piper...
1251 1325 1311 1386 sol.
1337 1323 1373 1386 II.

493 1433 572 1498 Item
597 1435 711 1497 codem
730 1435 782 1496 die
813 1456 850 1497 ex
878 1435 1088 1518 permissione
1117 1433 1251 1510 domini,
1269 1434 1308 1494 de
1333 1451 1419 1494 car-ra
1443 1434 1512 1514 (sic)
1537 1433 1646 1515 accepi

385 1562 443 1625 pro
467 1561 549 1607 se...
574 1543 632 1606 sol.
655 1539 747 1621 XH⁰.,
772 1561 838 1624 quo
862 1543 1014 1603 dominus
1038 1541 1127 1603 dedit
1151 1541 1240 1602 mihi.
1581 1543 1585 1552 '

491 1649 604 1731 Papira
629 1649 691 1710 emi
710 1698 717 1712 .
733 1697 763 1712 ..
787 1649 845 1711 sol.
868 1645 937 1712 IIII.

490 1751 571 1818 Item
604 1757 752 1818 miseram
787 1755 968 1818 Iohannem
1005 1755 1103 1816 Zelna
1135 1773 1237 1836 usque
1269 1753 1566 1832 Pechwaradinum‚
1598 1753 1648 1814 cui

386 1882 445 1945 pro
469 1863 617 1945 expensis
641 1862 792 1927 dedi...
817 1863 876 1924 sol.
902 1863 1029 1924 LXXX.

491 1967 571 2032 Item
597 1970 728 2052 quando
754 1968 891 2032 Michael
916 1968 1137 2050 Thothenyky
1153 1965 1212 2028 fuit
1238 1987 1382 2028 reversus
1406 1988 1422 2028 a
1448 1967 1593 2044 domino,
1618 1979 1649 2028 et

388 2077 501 2137 iterum
519 2075 627 2137 remisi
639 2095 711 2137 eum
727 2089 798 2157 post
812 2075 993 2154 dominum,
1006 2073 1081 2135 dedi
1095 2073 1199 2134 eidem
1215 2091 1273 2153 pro
1298 2072 1444 2154 expensis
1457 2121 1464 2135 .
1475 2121 1481 2134 .
1492 2122 1499 2135 .
1512 2072 1649 2135 soI.XX.

491 2177 572 2243 Item
590 2181 738 2242 miserem
759 2181 900 2242 Blasium
919 2181 1041 2242 Rosecz
1058 2179 1098 2240 ad
1116 2180 1194 2240 Iane
1212 2191 1243 2240 et
1260 2197 1318 2258 pro
1335 2179 1482 2260 expensis
1500 2178 1573 2238 dedi
1592 2227 1599 2239 .
1617 2225 1649 2240 ..

386 2287 444 2351 sol.
475 2284 545 2350 XII.

491 2391 573 2458 Item
597 2394 675 2456 ferie
692 2395 831 2456 secunda
857 2407 927 2476 post
945 2393 1141 2455 dominicam
1164 2381 1276 2454 Iudice
1294 2412 1351 2474 pro
1369 2393 1490 2474 Polyak
1509 2390 1649 2452 Chasme

387 2501 534 2566 dedi...
556 2501 614 2564 sol.
638 2498 688 2564 11⁶.

494 2607 587 2670 Petro
613 2608 748 2692 Zmolyk
766 2656 773 2670 .
790 2655 820 2669 ..
843 2606 902 2668 sol.
923 2606 993 2668 XX.

492 2712 571 2777 Item
598 2714 712 2775 eodem
738 2713 790 2776 die
822 2713 997 2774 Benedicto
1030 2711 1140 2772 curiali
1175 2712 1215 2772 de
1247 2708 1397 2794 Iwanych
1429 2711 1469 2771 ad
1493 2711 1596 2793 pisces
1619 2727 1650 2771 et

389 2822 498 2883 oleum
523 2840 581 2903 pro
606 2821 693 2882 curia
717 2819 865 2882 dedi...
888 2819 946 2880 sol.
969 2814 1006 2881 1⁶.

492 2925 574 2990 Item
591 2926 706 2990 eodem
724 2927 776 2988 die
795 2926 970 2987 Benedicro
987 2925 1161 2987 castellano
1183 2925 1222 2986 de
1240 2923 1356 2987 Garich
1376 2973 1382 2987 .
1398 2970 1405 2986 .
1422 2974 1429 2987 .
1445 2925 1503 2986 sol.
1531 2921 1647 2987 xcnll.

491 3033 569 3095 Item
596 3033 672 3094 feria
704 3047 816 3115 quarta
847 3047 920 3095 ante
953 3033 1149 3094 dominicam
1181 3032 1473 3114 Ramispalmarum
1499 3032 1648 3092 miseram

388 3163 444 3226 per
469 3141 645 3222 Georgium
670 3140 867 3221 Wagowyth
900 3139 939 3200 ad
976 3141 1219 3222 Rakospurgam
1253 3138 1354 3220 pisces
1379 3138 1513 3199 domino
1538 3151 1569 3198 et
1592 3156 1651 3219 pro

388 3249 534 3330 expensis
558 3247 631 3308 dedi
657 3247 763 3308 eidem
781 3296 788 3309 .
805 3295 835 3309 ..
860 3247 917 3308 sol.
942 3246 1007 3308 LX.
1197 3259 1199 3262 ·

386 3343 389 3349 ⁴
493 3353 569 3416 Item
595 3375 611 3415 a
636 3351 717 3414 festo
742 3353 841 3414 sancti
867 3353 1041 3430 Ambrosii,
1066 3351 1144 3413 dum
1169 3351 1321 3412 dominus
1344 3371 1523 3434 processus,
1548 3369 1650 3432 usque

390 3459 502 3523 feriam
520 3467 753 3542 quartam'ante
768 3459 962 3536 Palmarum,
979 3458 1018 3519 ad
1037 3458 1157 3519 curiam
1176 3457 1397 3520 chasmensem
1419 3459 1481 3519 emi
1499 3458 1653 3539 pisces...

389 3568 447 3630 sol.
468 3568 507 3631 X.

494 3674 571 3735 Item
597 3669 759 3754 Stephano
785 3671 992 3734 baccalaureo
1017 3671 1162 3751 scriptori
1189 3689 1261 3731 meo
1286 3670 1360 3731 dedi
1379 3719 1387 3736 .
1405 3719 1438 3734 ..
1463 3671 1522 3732 sol.
1548 3669 1583 3734 1⁰.

496 3781 573 3843 Item
600 3780 715 3841 eodem
741 3779 793 3840 die
817 3779 918 3861 pisces
942 3778 1060 3855 ZawiI,
1094 3796 1175 3858 quos
1200 3776 1239 3837 ad
1265 3777 1395 3858 Redege
1420 3779 1490 3838 misi
1517 3777 1653 3838 domino

390 3888 530 3952 emi...
555 3887 614 3949 soi.
640 3886 687 3949 110.

495 3993 572 4054 Item
600 4012 696 4054 unam
722 3993 898 4069 barbatam,
923 4009 1020 4073 quam
1053 3989 1200 4051 similiter
1233 3991 1304 4050 misi
1333 3990 1468 4051 domitto
1493 3991 1555 4051 emi
1582 4039 1589 4052 .
1614 4038 1653 4053 ..

383 4098 448 4163 soi.
471 4099 597 4162 XXIIII.

385 4189 389 4192 ,.
497 4205 574 4267 Item
612 4203 691 4265 seria
726 4205 837 4285 quinta
874 4205 936 4264 emi
974 4205 1075 4286 pisces
1108 4206 1147 4266 ad
1180 4205 1300 4265 curiam
1334 4201 1554 4264 chasmensem
1580 4250 1587 4264 .
1614 4251 1654 4265 ..

390 4313 449 4376 sol.
475 4311 555 4375 VIII.
1325 4322 1327 4329 “

498 4419 627 4478 Libram
652 4417 753 4498 papiri
779 4417 841 4477 emi
860 4464 867 4479 .
885 4465 916 4479 ..
941 4417 1000 4480 sol.
1027 4418 1105 4482 VIII.

496 4523 574 4585 Item
600 4523 713 4584 eodem
739 4523 790 4582 die
815 4523 854 4582 ad
881 4525 1031 4604 exequias
1057 4525 1129 4586 Roh
1157 4525 1287 4602 mortui,
1312 4525 1463 4591 dedi...
1486 4524 1546 4587 sol.
1572 4523 1607 4599 1..

498 4629 575 4690 Item
602 4629 695 4688 Petro
720 4626 907 4688 fenestrario
933 4629 1007 4689 dedi
1041 4629 1081 4689 ad
1106 4631 1238 4691 servicia
1263 4651 1394 4693 sua...
1419 4630 1478 4692 sol.
1504 4629 1551 4692 110.

498 4735 575 4795 Item
601 4733 677 4794 ferie
703 4747 789 4794 sexta
815 4734 886 4794 misi
916 4735 1105 4815 Zagrabiam
1138 4736 1307 4798 Baithazar
1339 4737 1515 4797 castellano
1539 4735 1577 4796 ad
1604 4755 1655 4795 ex-

393 4861 505 4921 pensas
529 4861 585 4923 per
610 4841 745 4900 Pekzam
765 4885 772 4900 .
791 4888 823 4902 ..
849 4840 908 4904 soi.
935 4840 996 4904 III‘.

499 4947 574 5007 Item
601 4945 679 5006 feria
704 4947 842 5006 secunda
868 4961 940 5028 post
969 4949 1164 5010 dominicam
1199 4950 1381 5010 Palmarum
1408 4949 1479 5010 date
1503 4963 1577 5010 sunt
1601 4969 1654 5030 pe·

394 5053 487 5112 cunis
513 5051 719 5132 infrascriptis
745 5053 774 5112 in
802 5052 977 5115 Gemlech:

500 5157 576 5218 Item
602 5158 765 5239 Stephano
788 5159 976 5239 sagittario.
995 5207 1026 5222 ..
1051 5161 1110 5223 sol.
1129 5161 1164 5224 L.
