3804 5798
244 1965 279 2040 In
308 1989 401 2041 anno
428 1964 570 2040 Domini
590 1965 778 2040 millesimo
798 1965 1058 2041 trecentesimo
1079 1966 1312 2064 sexagesImo
1334 1967 1505 2040 secundo.

245 2089 457 2189 Registrum
496 2089 630 2164 factum
668 2111 777 2188 super
814 2112 992 2188 expensas
1031 2089 1305 2182 communimus
1342 2097 1507 2188 tempore

238 2212 420 2310 judicatus
449 2212 698 2311 circumspecti
727 2209 910 2288 Valentini
949 2213 1087 2306 iudici8,
1117 2210 1177 2287 filii
1208 2210 1402 2304 Michaelis,
1431 2233 1505 2287 mo·

648 2335 747 2412 demi
776 2335 901 2412 iudicis
930 2337 1097 2413 cIvitutis

349 2581 426 2643 Item
452 2580 527 2642 dedi
553 2580 682 2642 Thome
715 2582 916 2664 carpentario
947 2583 976 2643 X
1009 2581 1168 2660 denarios,
1204 2581 1259 2663 qui
1293 2581 1451 2642 laboravit
1475 2581 1505 2642 in

242 2687 345 2768 gradu
369 2688 451 2748 citca
475 2699 600 2769 portum
627 2686 812 2749 carnificum
838 2687 1028 2770 primodie,
1053 2701 1084 2748 et
1108 2687 1248 2748 secunda
1273 2687 1326 2748 die
1352 2687 1407 2748 XII
1433 2687 1506 2749 den.
1552 2735 1558 2750 .

154 2881 156 2886 7
245 2793 284 2854 Et
308 2793 370 2855 emi
396 2793 504 2855 clavos
527 2792 645 2855 XXVII
671 2793 821 2855 denariis.

330 2897 426 2960 Item
452 2899 484 2960 irr
509 2895 590 2960 festo
616 2897 765 2979 Gregorii
790 2899 928 2961 emimus
961 2899 1063 2980 pisces
1087 2918 1145 2980 pro
1170 2898 1305 2960 domino
1333 2901 1421 2961 Bano
1448 2919 1506 2981 pro

242 3005 343 3066 tribus
366 3004 436 3066 flor.
461 3017 492 3066 et
517 3005 544 3066 X
570 3004 642 3067 den.
669 3004 746 3066 Item
772 3005 888 3067 iterum
913 3005 1051 3066 emimus
1068 3006 1171 3087 pisces
1195 3005 1295 3067 salsos
1321 3006 1438 3068 LXXX
1455 3026 1506 3067 so·

244 3110 317 3172 lidia
351 3124 381 3173 et
405 3111 494 3172 aleca
519 3129 577 3192 pro
610 3111 719 3172 medio
752 3110 886 3172 floreno.
921 3110 998 3172 Item
1034 3130 1133 3193 panes
1164 3131 1222 3192 pro
1247 3109 1304 3173 CC
1329 3112 1403 3174 den.
1429 3112 1505 3202 Item
1570 3148 1574 3157 -

243 3216 308 3298 risi,
340 3217 505 3296 mundule,
538 3218 659 3299 kaparI,
691 3215 769 3279 ficus
801 3237 859 3298 pro
892 3217 980 3279 CCC
1012 3231 1043 3278 et
1074 3218 1249 3298 nonaginta
1282 3217 1409 3279 duobus
1433 3218 1506 3282 den.

242 3321 319 3384 Item
345 3343 444 3384 unum
470 3343 525 3384 vas
554 3323 621 3384 vini
653 3343 710 3406 pro
743 3321 864 3385 Vflor.
899 3323 974 3385 Item
1008 3323 1117 3384 fenum
1149 3323 1215 3385 duo
1240 3343 1350 3386 currus
1374 3339 1404 3386 et
1429 3339 1506 3386 stra·

241 3429 329 3490 mina
354 3429 419 3490 duo
443 3448 555 3490 currus
579 3449 636 3511 pro
661 3429 672 3490 I
696 3429 766 3491 flor.

344 3535 422 3597 Item
447 3535 690 3618 propinavimus
715 3535 824 3597 comiti
851 3536 990 3598 MartIno
1007 3555 1105 3618 panes
1129 3555 1188 3618 pro
1214 3536 1390 3597 XXXXIIII
1418 3537 1505 3616 dem,

242 3642 337 3706 etde
361 3642 482 3725 pabulo
506 3662 565 3726 pro
590 3643 646 3705 LX
671 3643 743 3708 den.

348 3748 425 3812 Item
450 3749 525 3811 dedi
551 3750 709 3832 Dyonisio
733 3763 764 3812 et
789 3750 900 3812 Miclin
933 3748 1071 3812 carnifici
1098 3747 1124 3810 C
1149 3750 1234 3829 dem,
1258 3750 1313 3832 qui
1339 3750 1502 3812 conduxe-

243 3869 317 3917 runt
340 3855 525 3917 malvasiam
551 3870 582 3918 et
606 3855 685 3917 alias
709 3876 759 3918 res
775 3856 900 3918 domini
919 3855 997 3919 Beni
1021 3855 1061 3917 ad
1079 3855 1277 3934 Ztubiczam‚
1301 3875 1381 3936 quas
1398 3856 1506 3938 propi-

242 3976 371 4024 naverat
395 3981 504 4024 comes
528 3961 710 4044 Stephanus
734 3963 868 4024 domino
895 3963 995 4024 Bano.

346 4067 425 4130 Item
456 4067 530 4129 dedi
548 4069 685 4130 civitatis
701 4067 898 4147 homnibus,
915 4068 971 4150 qui
989 4081 1196 4148 portaverunt
1213 4069 1324 4149 cignos
1348 4081 1379 4130 et
1396 4083 1506 4130 anates

242 4173 312 4234 VIII
336 4193 451 4256 pensas
468 4174 540 4238 den.
557 4187 588 4237 et
605 4175 724 4236 eisdem
743 4175 818 4236 dedi
835 4175 894 4236 XX
915 4175 1000 4252 den,
1029 4175 1117 4256 quod
1143 4187 1387 4256 reportaverunt
1403 4194 1504 4236 unum

242 4279 369 4340 missale
393 4280 434 4340 de
458 4279 590 4343 Varasd.

787 4387 920 4450 Summa
945 4385 1021 4450 facit
1044 4386 1113 4450 flor.
1137 4387 1197 4449 XV
1221 4399 1252 4448 et
1274 4385 1364 4447 XXX
1390 4385 1463 4450 den.

347 4491 424 4553 Item
450 4491 526 4554 dedi
550 4493 653 4555 tribus
670 4493 887 4575 carpentariis,
908 4495 963 4575 qui
982 4495 1209 4555 laboraverunt
1226 4493 1258 4554 in
1283 4491 1415 4554 arberiis
1432 4505 1505 4554 ante

239 4610 364 4679 portam
390 4596 575 4660 carnificum
600 4613 630 4660 et
654 4612 727 4661 ante
752 4615 876 4681 portam
902 4619 1018 4661 novam
1052 4619 1107 4682 per
1131 4599 1210 4660 duas
1236 4598 1304 4659 dies
1329 4599 1504 4679 nonaginta

241 4723 295 4765 sex
319 4703 392 4766 den.
417 4703 495 4766 Item
520 4705 634 4766 iterum
660 4705 734 4767 dedi
759 4706 860 4768 tribus
884 4706 1090 4788 carpentariis
1117 4726 1173 4789 per
1198 4724 1298 4767 unum
1325 4703 1423 4782 diem,
1450 4705 1505 4785 qui

242 4809 474 4872 laboraverunt
498 4811 657 4872 arberium
681 4825 755 4874 ante
780 4831 896 4874 novam
921 4827 1046 4894 portam
1073 4813 1098 4874 L
1122 4813 1195 4876 den.

344 4917 421 4979 Item
446 4921 508 4980 emi
533 4933 652 4980 statuas
676 4935 815 5000 quatuor
840 4939 897 5002 pro
921 4919 1113 4981 XXXXVIII
1139 4919 1211 4982 den.

344 5021 422 5086 Item
448 5025 511 5086 emi
536 5025 644 5087 clavos
668 5045 726 5108 pro
751 5026 840 5088 XXV
864 5027 937 5087 den.

344 5127 423 5190 Item
449 5131 512 5191 emi
536 5131 642 5192 trabes
666 5131 746 5192 duas
769 5151 827 5213 pro
852 5130 983 5193 XXVIII
1009 5129 1082 5192 den.
