3804 5798
378 543 435 626 176
904 543 1085 603 Inventam.

373 755 489 837 pagine
513 752 643 814 secundi
671 751 740 814 lolii
765 751 836 816 finit
860 772 1074 834 >organorum
1093 768 1139 814 est
1162 767 1260 830 tam«,
1285 766 1316 814 et
1333 753 1365 813 in
1390 751 1453 814 fine
1477 753 1550 814 libri
1568 750 1637 814 finit

376 862 520 922 »nullum
546 859 625 920 vidit
649 879 837 942 umquamc,
862 875 893 922 et
916 875 963 922 est
987 873 1158 942 coopertus
1181 879 1391 942 pargameno.

479 967 568 1044 Item,
592 985 694 1027 unum
718 966 873 1028 volumen
898 967 930 1028 in
955 986 1021 1048 quo
1038 967 1220 1028 continetur
1243 978 1348 1028 textus
1373 965 1413 1027 de
1438 965 1545 1027 anima
1564 985 1635 1027 cum

372 1074 493 1136 lectura
518 1072 674 1150 eiusdem,
708 1092 766 1134 nec
799 1092 863 1134 non
896 1086 1000 1134 cetera
1032 1073 1133 1135 multa
1165 1073 1372 1135 continentur
1396 1073 1427 1134 in
1453 1073 1581 1151 eodem,
1606 1086 1637 1134 et

375 1180 486 1262 incipit
512 1179 566 1240 »ln
591 1179 687 1240 corde
711 1192 819 1240 autem
847 1177 908 1242 fuit
939 1181 1072 1259 virtus«,
1102 1193 1133 1240 et
1156 1179 1189 1240 in
1221 1177 1284 1241 fine
1316 1179 1390 1240 libri
1414 1177 1484 1241 finit
1512 1177 1636 1240 »forme

374 1287 424 1347 vel
449 1299 588 1368 utroque
613 1284 746 1364 modo«,
770 1299 801 1347 et
824 1301 909 1348 caret
932 1287 1125 1368 copertorio.

407 1405 409 1412 ’
480 1392 511 1452 ln
535 1396 685 1467 margine:
709 1391 787 1452 Item
813 1411 895 1453 unus
919 1393 1001 1455 liber
1032 1391 1213 1454 antidotum
1246 1391 1384 1470 Nicolai,
1409 1405 1440 1453 et
1464 1391 1576 1475 incipit
1601 1393 1635 1454 in

374 1501 466 1581 nigro
493 1499 662 1580 ›operacio
687 1499 879 1578 medicine«,
904 1511 935 1560 et
957 1497 1027 1560 finit
1054 1499 1143 1560 >Deo
1167 1499 1300 1580 gracias.
1325 1504 1463 1561 Amen«.

480 1606 569 1685 ltem,
594 1625 693 1667 unum
711 1605 799 1667 aliud
821 1606 974 1668 volumen
993 1608 1162 1670 continens
1186 1609 1218 1668 in
1235 1628 1267 1668 se
1286 1607 1427 1669 diversas
1451 1607 1637 1688 questiones

374 1714 405 1774 in
431 1713 568 1774 naturali
593 1713 724 1794 phisica,
751 1727 781 1774 et
805 1713 918 1795 incipit
945 1714 1090 1796 »questio
1114 1714 1217 1796 pridie
1243 1715 1404 1796 disputata
1429 1712 1523 1792 fuit«,
1548 1726 1579 1774 et
1604 1713 1636 1774 in

374 1818 437 1880 fine
461 1819 533 1880 libri
558 1818 628 1880 linit
655 1819 851 1881 ›secundum
869 1821 1003 1882 modum
1028 1841 1083 1884 sue
1102 1822 1277 1900 essencier,
1302 1835 1333 1883 et
1358 1835 1405 1884 est
1429 1833 1579 1903 copertus
1595 1819 1635 1880 de

375 1946 583 2010 pargameno

479 2035 568 2114 Item,
593 2055 693 2097 unum
718 2035 806 2097 aliud
840 2036 992 2098 volumen
1031 2037 1200 2098 continens
1231 2038 1262 2098 in
1294 2057 1327 2098 se
1363 2037 1516 2118 scriptum
1541 2055 1637 2118 super

377 2142 496 2204 librum
521 2142 711 2206 animalium
737 2163 808 2205 cum
831 2143 923 2204 certis
939 2143 1009 2204 aliis
1027 2144 1250 2225 questionibus
1274 2144 1427 2206 naturalis
1451 2142 1583 2225 phisica,
1608 2155 1638 2203 ct

374 2249 486 2330 incipit
510 2251 541 2310 in
576 2249 667 2330 nigro
704 2250 756 2311 »ln
789 2251 921 2312 nomine
953 2249 1077 2312 domini
1109 2251 1209 2312 nostri
1243 2249 1334 2312 lhesu
1372 2249 1524 2326 Christi«,
1550 2249 1636 2310 etin

373 2355 472 2436 prima
499 2357 614 2437 pagina
639 2355 771 2417 secundi
796 2353 866 2418 folii
890 2354 960 2418 finit
992 2371 1118 2418 »tamen
1152 2357 1185 2418 in
1218 2357 1264 2419 eis
1298 2358 1329 2418 in
1356 2356 1581 2437 cognicionec,
1607 2368 1637 2416 et

374 2459 443 2522 finit
471 2462 755 2543 »incomplementi
779 2477 827 2524 est
850 2476 997 2541 natura«,
1022 2477 1053 2526 et
1076 2477 1161 2525 caret
1185 2464 1380 2546 copertori0.

480 2568 568 2646 ltem,
593 2581 683 2629 vetus
708 2588 757 2629 ars
780 2567 963 2648 artificialis,
1000 2583 1129 2652 coperta
1155 2571 1337 2652 copertorio
1362 2570 1402 2630 de
1427 2588 1636 2651 purgameno.

480 2674 569 2753 ltem,
593 2688 697 2736 textus
720 2675 824 2737 tocius
849 2676 933 2737 loice
958 2695 1041 2737 nove
1065 2689 1096 2737 et
1112 2676 1244 2758 antique
1261 2674 1445 2756 artificialis,
1470 2687 1501 2737 et
1525 2674 1638 2755 incipit

377 2799 449 2841 cum
475 2780 601 2842 rubrica
629 2781 806 2863 »incipiunt
830 2781 951 2862 laage«,
976 2796 1006 2843 et
1030 2783 1061 2844 in
1094 2781 1157 2844 fine
1190 2783 1263 2844 libri
1287 2781 1357 2844 finit
1384 2782 1443 2843 rad
1467 2800 1564 2842 omne
1588 2799 1637 2840 re·

375 2906 458 2948 rum.
482 2891 621 2966 Amen«,
645 2901 794 2970 copertus
817 2889 984 2952 asseribus.

480 2993 570 3073 ltem,
587 2995 811 3076 probleumata
828 3014 1000 3077 parvorum
1011 2994 1048 3077 (t)
1067 2996 1273 3075 naturalium,
1290 3011 1321 3058 et
1339 2996 1451 3078 incipit
1470 2993 1637 3057 >nondum

374 3099 405 3159 in
432 3100 622 3182 principio«,
647 3115 678 3162 et
703 3101 735 3163 in
758 3099 820 3163 fine
845 3101 917 3163 libri
943 3102 1038 3163 habet
1054 3103 1316 3204 omeliam0beati
1343 3102 1495 3164 bernardi
1522 3120 1637 3183 super:

375 3207 491 3267 Missus
516 3221 571 3286 est,
595 3221 626 3269 et
650 3208 682 3268 in
706 3206 769 3270 fine
793 3209 866 3269 libri
891 3207 961 3270 finit
988 3208 1214 3270 »devotissime
1239 3209 1429 3271 destinavi«.

481 3313 570 3392 ltem,
595 3328 814 3376 commentum
851 3316 966 3376 veteris
995 3315 1069 3376 artis
1094 3316 1126 3377 in
1150 3316 1275 3398 papiro,
1307 3329 1473 3398 copertum
1498 3315 1537 3376 de
1563 3335 1635 3396 par-

374 3439 524 3500 gameno.

483 3528 572 3607 Item,
597 3528 782 3609 questiones
805 3548 900 3610 super
923 3548 1019 3611 parva
1043 3532 1108 3608 (sic)
1132 3528 1290 3591 naturalia
1316 3528 1349 3589 in
1373 3528 1514 3610 quodam
1541 3527 1636 3588 volu·

375 3635 461 3696 mine
486 3634 526 3695 de
551 3653 666 3715 magna
692 3632 805 3713 forma,
830 3653 994 3696 corrosum
1019 3653 1213 3717 permutes,
1238 3648 1269 3696 et
1286 3648 1370 3696 caret
1386 3635 1580 3716 copertorio,
1605 3649 1636 3694 et

376 3741 488 3822 incipit
515 3753 683 3801 »tractatus
707 3740 748 3802 de
772 3741 990 3802 actuacionec.

482 3846 558 3908 ltem
572 3865 672 3907 unum
690 3846 844 3908 volumen
858 3848 889 3907 in
900 3846 1083 3927 astrologia,
1098 3847 1265 3908 continens
1274 3848 1366 3930 plura
1379 3847 1636 3928 astronomia(m)

376 3953 617 4032 concernencia,
641 3966 671 4014 et
695 3973 768 4014 cum
793 3953 912 4014 tabulis
936 3966 966 4014 et
998 3954 1176 4014 canonibus
1207 3954 1284 4033 suis,
1320 3975 1378 4015 nec
1403 3974 1468 4015 non
1493 3953 1635 4015 theorice

375 4060 574 4142 planetarum
599 4060 631 4120 in
655 4080 720 4121 uno
744 4059 910 4122 volumine
935 4060 974 4121 de
999 4059 1109 4142 pulcra
1134 4060 1235 4138 litera,
1273 4060 1393 4122 habens
1418 4062 1450 4122 in
1474 4061 1635 4142 principio

375 4167 608 4245 kalendarium,
633 4180 664 4228 et
687 4167 801 4249 incipit
824 4186 897 4228 cum
922 4167 1047 4228 rubrica
1083 4167 1262 4248 »Incipiunt
1298 4187 1437 4228 canones
1472 4187 1567 4248 super
1591 4167 1636 4226 al·

377 4293 524 4352 monaca,
559 4286 590 4335 et
621 4273 653 4333 in
684 4271 748 4335 fine
778 4273 852 4334 libri
882 4271 952 4334 finit
986 4274 1064 4356 »ipsi
1101 4274 1195 4355 plena
1220 4294 1257 4335 ac
1292 4293 1355 4334 non
1393 4273 1636 4356 corporaliter«,

377 4395 535 4463 copertus.

482 4487 570 4565 ltem,
595 4505 695 4547 unum
728 4486 880 4548 volumen
913 4487 945 4546 in
977 4505 1043 4567 quo
1075 4486 1280 4548 continentur
1313 4487 1498 4568 questiones
1529 4488 1634 4568 quarti

377 4594 594 4673 Summarum,
618 4613 676 4654 nec
694 4613 758 4655 non
776 4562 962 4675 questiones
975 4594 1007 4654 io
1033 4594 1168 4654 naturali
1183 4592 1314 4674 phisica,
1331 4608 1362 4656 et
1378 4594 1490 4676 incipit
1516 4595 1633 4658 »Trac-

374 4713 458 4761 tatus
482 4700 520 4760 de
546 4699 750 4761 accinacione
774 4701 926 4776 unitate«,
964 4713 994 4760 et
1019 4700 1050 4760 in
1075 4698 1137 4761 fine
1162 4700 1235 4761 libri
1259 4698 1328 4761 finit
1355 4700 1496 4762 ›eciam‹
1524 4721 1635 4762 carens

376 4805 415 4866 de
441 4807 500 4866 isto
525 4807 717 4889 copertori0.

482 4912 571 4990 Item,
597 4933 679 4974 unus
703 4913 784 4973 liber
808 4933 918 4974 carens
938 4912 1097 4995 principio
1123 4927 1154 4974 et
1170 4911 1243 4991 fine,
1268 4913 1358 4974 cuius
1383 4914 1523 4995 primum
1548 4916 1634 4996 capi-

375 5017 480 5078 tulum
504 5019 591 5099 quod
617 5033 759 5101 apparet,
783 5018 871 5100 quod
898 5033 943 5080 est
967 5020 1116 5100 quintum
1149 5019 1180 5078 in
1214 5019 1326 5080 ordine
1352 5021 1437 5098 libri,
1461 5021 1576 5102 incipit
1601 5021 1633 5082 in
