3840 5800
440 527 503 606 316
1010 527 1158 588 Rationes.

545 741 624 802 Item
649 740 728 803 feria
750 754 838 803 sexta
862 755 935 802 ante
966 737 1083 802 festum
1117 741 1284 800 beatorum
1309 737 1456 802 Geruasii
1488 754 1519 802 et
1544 739 1704 802 Prothasii

437 848 553 910 iterum
579 846 730 928 predictis
754 847 868 927 viginti
894 846 1021 908 duobus
1046 844 1234 907 hominibus
1250 845 1374 926 lapides
1397 842 1620 926 frangentibus
1644 867 1704 929 per

438 954 507 1017 dies
529 975 594 1034 sex,
619 974 758 1038 quorum
774 953 913 1036 quilibet
930 952 1043 1014 habuit
1065 971 1122 1033 per
1138 950 1207 1015 flor.
1226 951 1381 1031 medium,
1399 951 1473 1014 facit
1489 1001 1497 1016 .
1513 1002 1520 1016 .
1537 1001 1544 1017 .
1561 953 1631 1018 flor.
1646 952 1700 1016 XI.

543 1079 621 1142 Item
646 1079 791 1142 Andreas
815 1078 967 1162 predialis
991 1097 1086 1160 super
1102 1077 1284 1140 attentione
1308 1077 1420 1140 habuit
1443 1078 1476 1140 in
1500 1079 1699 1144 eisdem...

437 1185 509 1250 den.
542 1185 608 1250 LX.

545 1293 623 1356 Item
657 1292 734 1355 feria
768 1307 880 1375 quarta
912 1293 944 1355 ln
976 1290 1058 1354 lento
1092 1291 1426 1354 Commemoracionie
1460 1293 1560 1354 sancti
1595 1291 1699 1371 Pauli,

439 1399 615 1462 Benedicto
640 1399 731 1463 fabro
755 1399 786 1462 in
812 1399 941 1462 civitate
964 1417 1023 1481 pro
1048 1396 1283 1460 reformatione
1299 1411 1438 1479 quatuor
1461 1398 1645 1460 maleorum
1670 1411 1703 1458 et

435 1506 619 1588 aliquorum
637 1553 644 1570 .
661 1554 668 1568 .
685 1554 692 1569 .
715 1505 820 1568 solvi.
837 1554 869 1569 ..
893 1504 953 1567 flor
969 1553 977 1569 .
993 1554 1000 1568 .
1017 1554 1025 1568 .

539 1611 618 1676 Item
643 1611 702 1676 leci
726 1627 855 1694 portare
879 1631 917 1674 ex
942 1611 1090 1696 Iwanych
1115 1609 1209 1673 funes
1232 1631 1291 1694 pro
1308 1659 1315 1675 .
1332 1659 1363 1675 ..
1389 1610 1458 1674 flor.
1483 1610 1504 1675 1.

539 1719 590 1781 Illi
614 1721 670 1802 qui
695 1721 834 1802 portavit
857 1738 915 1802 pro
939 1718 1088 1781 mercede
1112 1717 1259 1782 dedi...
1291 1717 1363 1784 den.
1387 1715 1463 1784 VIII.

539 1843 618 1907 Item
642 1842 722 1905 feria
745 1843 885 1906 secunda
909 1857 982 1926 post
1005 1841 1123 1906 festum
1146 1841 1351 1904 Visitacionis
1376 1841 1489 1921 Marie,
1515 1842 1633 1903 iterum
1650 1841 1698 1902 vi·

436 1952 517 2033 giuti
550 1965 689 2034 quatuor
719 1951 908 2014 hominibus
938 1951 1062 2033 lapides
1093 1949 1315 2033 frangentibus
1347 1951 1387 2012 ad
1419 1952 1487 2013 dies
1511 1951 1700 2030 duodecim,

437 2059 502 2121 dati
526 2073 600 2121 aunt
616 2107 624 2122 .
643 2108 674 2123 ..
706 2058 774 2124 flor.
798 2056 917 2123 XXIIII.

539 2164 618 2227 Item
643 2164 788 2227 Andreas
812 2164 964 2247 predialis
987 2184 1083 2248 super
1106 2164 1288 2227 attencione
1313 2162 1425 2227 habuit
1449 2184 1508 2248 pro
1525 2163 1701 2230 solario...

434 2271 504 2334 flor.
529 2271 550 2336 I.
574 2271 646 2334 den.
670 2270 738 2336 XX.

540 2377 616 2441 Item
650 2392 767 2440 eotunc
800 2379 959 2440 duxerunt
991 2378 1031 2439 de
1064 2376 1228 2440 Cralewcz
1260 2378 1378 2438 robora
1409 2396 1469 2459 pro
1500 2377 1701 2440 stationibus

434 2505 533 2567 penes
557 2505 686 2547 murum
711 2484 897 2562 fundorum,
922 2504 1033 2547 curros
1056 2484 1181 2566 vigintI,
1207 2483 1324 2566 quibus
1347 2503 1406 2566 pro
1431 2483 1579 2565 quolibet
1602 2502 1697 2546 curro

434 2590 500 2652 dati
521 2605 596 2653 sunt
620 2591 692 2655 den.
715 2611 780 2670 sex,
805 2590 879 2653 lacit
895 2640 903 2656 .
920 2639 951 2655 ..
977 2591 1046 2654 flor.
1071 2591 1093 2653 I.
1119 2590 1191 2653 den.
1216 2588 1285 2653 XX.

537 2715 615 2778 Item
651 2729 769 2777 eotunc
804 2734 862 2797 pro
894 2716 989 2778 certis
1025 2715 1245 2776 instrumentis
1281 2711 1408 2793 ferreis,
1442 2733 1507 2796 que
1544 2715 1697 2796 magister

434 2821 585 2885 Erasmus
609 2821 746 2904 lapicida
771 2821 846 2883 lecit
870 2820 935 2883 fieri
969 2842 1024 2903 per
1049 2822 1211 2882 Andream
1233 2818 1372 2900 fabrum,
1397 2821 1557 2886 solvi...
1581 2821 1650 2887 flor.
1675 2822 1697 2886 I.

537 2929 615 2990 Item
640 2943 756 2991 eotunc
781 2929 844 2989 emi
880 2930 920 2989 ab
956 2928 1071 2990 eodem
1105 2927 1233 2990 Andrea
1265 2925 1356 2990 labro
1381 2927 1463 2990 duos
1487 2927 1613 3010 ilgones
1638 2948 1698 3011 pro

429 3036 640 3118 temperando
664 3049 890 3099 cemento...
914 3033 987 3098 den.
1011 3032 1081 3098 XX.

537 3141 615 3203 Item
640 3142 673 3203 in
706 3140 787 3203 festo
812 3141 1013 3222 Margarethe
1045 3139 1205 3202 Clementi
1239 3139 1329 3202 labro
1355 3141 1387 3202 in
1419 3153 1538 3203 sortem
1562 3161 1696 3205 suorum

433 3247 581 3310 laborum
607 3248 723 3310 iterum
748 3247 896 3312 dedi...
920 3247 989 3310 flor.
1015 3247 1037 3310 I.

536 3373 614 3434 Item
639 3385 756 3434 cotunc
781 3370 924 3454 Georgio
949 3373 1064 3434 barber
1079 3391 1138 3454 pro
1163 3372 1332 3434 curacione
1356 3373 1453 3434 unius
1471 3371 1693 3454 Sithiczensis,

432 3477 522 3539 cuius
546 3477 712 3539 brachium
737 3491 803 3539 erat
826 3476 959 3541 fractum
986 3497 1059 3540 cum
1083 3478 1174 3539 ruitra
1197 3489 1292 3556 terre,
1316 3479 1475 3542 solvi...
1503 3478 1572 3544 flor.
1600 3479 1649 3564 Ἰν

535 3584 613 3646 Item
639 3598 756 3646 eotunc
788 3586 851 3646 emi
887 3587 945 3647 tria
982 3586 1122 3667 plaustra
1158 3585 1323 3667 lignorum
1355 3586 1395 3649 nd
1427 3587 1586 3649 staciones
1610 3589 1693 3651 circa

430 3710 558 3754 murum
583 3711 642 3774 pro
659 3740 666 3755 .
682 3739 713 3756 ..
739 3692 801 3755 den
826 3691 932 3756 XVIII.

535 3797 613 3859 Item
637 3813 753 3860 eotunc
777 3800 841 3860 emi
866 3813 1004 3881 quatuor
1029 3799 1195 3881 capisteria
1219 3819 1316 3882 parva
1333 3849 1340 3862 .
1358 3848 1390 3863 ..
1416 3799 1490 3869 den.
1514 3798 1565 3863 VI.

536 3925 615 3988 Item
641 3926 673 3986 in
689 3925 769 3988 lesto
794 3922 1018 4009 Deposicionis
1034 3926 1134 3988 sancti
1153 3926 1292 3988 Ladislai
1310 3927 1394 4008 regis
1418 3924 1547 3988 fuerunt
1570 3927 1689 3990 iterum

428 4032 580 4114 aprecIati
604 4031 718 4113 viginti
742 4045 865 4114 septem
890 4032 1039 4094 homiues
1062 4032 1102 4094 ad
1127 4031 1322 4113 frangendos
1346 4032 1479 4116 lapides,
1504 4033 1623 4115 quibus
1648 4033 1691 4095 ad

428 4137 497 4199 dies
520 4138 694 4201 duodecim
718 4140 784 4202 dati
809 4153 907 4204 sunt.
926 4189 960 4204 ..
984 4139 1053 4204 llor.
1076 4138 1200 4205 XXVII.

535 4245 613 4308 Item
638 4247 671 4308 in
695 4245 777 4310 festo
801 4249 903 4310 Marie
928 4247 967 4309 de
993 4249 1073 4310 Nive
1091 4248 1248 4330 aprecIavi
1276 4247 1442 4310 SImonem
1469 4247 1640 4328 Horwath,
1657 4261 1695 4311 ut

428 4353 610 4436 exploraret
634 4353 808 4416 exercitum
841 4355 1047 4417 Thurcorum
1079 4354 1161 4416 ultra
1186 4355 1330 4435 stum,
1362 4355 1413 4416 cui
1439 4354 1533 4417 datus
1556 4353 1694 4420 fuit...

427 4459 496 4524 flor.
527 4458 549 4524 I.

532 4565 611 4630 Item
637 4567 714 4629 feria
726 4581 813 4630 sexta
830 4569 978 4650 sequenti
997 4567 1125 4631 duobus
1142 4569 1350 4651 carpentariis
1366 4569 1550 4652 aptantibus
1566 4569 1695 4652 pixides

428 4674 575 4736 barbatas
599 4674 664 4736 dati
688 4687 763 4736 eunt
778 4725 785 4738 .
803 4723 837 4738 ..
871 4675 944 4739 den.
966 4673 1005 4738 X.

533 4798 609 4859 Item
635 4797 713 4860 feria
738 4813 826 4862 sexta
862 4800 895 4862 in
927 4799 1009 4863 festo
1035 4801 1208 4884 Hyppoliti
1240 4801 1390 4881 martiris,
1414 4821 1481 4864 uno
1506 4802 1626 4864 nuncio
1651 4803 1694 4865 ad

427 4908 557 4970 Zithecz
582 4909 679 4970 misso
703 4928 762 4990 pro
787 4909 1034 4988 laboratoribus,
1060 4910 1126 4972 dati
1150 4925 1225 4973 sunt
1241 4959 1248 4974 .
1265 4959 1297 4974 ..
1323 4910 1396 4975 den.
1419 4908 1479 4974 IIII.

533 5013 610 5076 Item
636 5015 700 5077 alio
726 5015 858 5098 quidam
883 5017 1030 5079 sImiliter
1054 5017 1128 5080 illac
1152 5019 1262 5099 misso,
1286 5017 1352 5081 dati
1370 5067 1377 5083 .
1394 5066 1425 5083 ..
1451 5018 1523 5082 den.
1548 5016 1609 5082 IIII.
