3840 5800
867 551 1014 613 aarum.
1508 569 1563 628 30¹

412 763 490 826 Item
515 777 700 826 executores
722 763 865 844 magistri
885 762 1003 825 Mathie
1022 762 1178 840 Rotundi,
1204 761 1323 825 ibidem
1350 763 1570 846 deposuerunt

306 869 377 933 llor.
401 870 439 948 V,
464 889 547 952 quos
571 870 742 952 legaverat.

893 998 898 1037 ι
910 997 924 1055 5
937 997 981 1038 ιο.

411 1101 488 1164 ltem
514 1113 700 1162 executores
724 1099 832 1162 relicte
862 1099 1024 1161 Benkonis
1056 1099 1096 1162 de
1121 1099 1211 1162 Nova
1237 1100 1325 1178 villa,
1351 1101 1571 1183 deposuerunt

303 1208 372 1272 flor.
401 1208 422 1273 l.

410 1314 550 1377 Sabbato
575 1327 647 1395 post
679 1327 807 1377 octavas
839 1315 946 1393 Pasce,
979 1327 1164 1375 executores
1188 1312 1312 1374 domini
1348 1313 1475 1374 Nicolai
1508 1313 1565 1375 lec·

303 1421 384 1482 toris
409 1420 496 1482 iuxta
520 1419 626 1502 leg'ata
649 1419 809 1482 dederunt
833 1419 966 1482 ecclesie
990 1419 1060 1483 flor.
1082 1420 1121 1484 X.

411 1527 450 1588 Et
475 1526 590 1588 iterum
616 1526 656 1588 de
680 1527 775 1588 rebus
799 1526 943 1588 eiusdem
970 1526 1069 1587 iidem
1094 1525 1253 1587 dederunt
1277 1523 1346 1589 flor.
1371 1526 1439 1590 XL.

408 1632 530 1694 lbidem
564 1645 750 1695 executores
782 1632 924 1714 magistri
959 1632 1115 1694 Anthonii
1149 1631 1284 1714 junioris
1316 1631 1475 1693 dederunt
1520 1651 1568 1693 ec·
1635 1705 1646 1720 x

302 1739 397 1802 clesie
422 1738 491 1802 flor.
514 1739 553 1803 X.

409 1845 500 1906 Feria
525 1858 638 1928 quarta
663 1859 735 1928 post
760 1844 876 1908 lestum
894 1845 1111 1921 ascensionis,
1136 1857 1321 1906 executores
1345 1845 1468 1906 domini
1495 1845 1564 1907 Ste-

302 1953 398 2034 phani
424 1951 617 2034 suffraganei
642 1953 861 2036 deposuerunt
886 1952 953 2014 llor.
976 1952 1016 2029 X,
1046 1971 1128 2032 quos
1151 1951 1270 2032 legavit
1294 1951 1437 2016 ecclesie.

408 2057 441 2119 ln
468 2057 548 2120 festo
574 2059 686 2120 decem
718 2059 820 2120 millia
854 2057 995 2119 Militum
1030 2058 1216 2137 martirum,
1248 2071 1434 2120 executores
1458 2058 1567 2120 relicte

305 2163 442 2225 condam
468 2165 611 2246 magistri
638 2163 786 2246 Gregorii
805 2163 943 2245 lapicide
964 2164 1123 2224 dederunt
1139 2163 1207 2226 flor.
1224 2163 1276 2240 Vl,
1294 2183 1376 2245 quos
1395 2164 1566 2244 legaverat.

410 2271 503 2332 Circa
529 2269 644 2333 festum
671 2271 755 2332 beati
782 2271 910 2330 Andree
928 2270 1079 2351 apostoli,
1096 2283 1282 2330 executores
1306 2269 1449 2350 magistri
1467 2269 1567 2332 Bene·

303 2377 378 2439 dicti
405 2376 613 2439 Chasmensis
636 2397 673 2438 ex
697 2390 891 2439 testamento
917 2377 1061 2438 eiusdem
1080 2377 1324 2458 assignaverunt
1349 2377 1381 2438 in
1405 2395 1484 2439 auro
1501 2375 1569 2438 flor.

301 2483 330 2543 X
355 2482 394 2544 ad
420 2503 535 2544 manus
559 2483 684 2545 domini
709 2483 861 2546 custodis.

407 2589 529 2652 lbidem
557 2589 707 2670 magister
739 2589 892 2652 Nicolaus
924 2589 963 2649 de
989 2589 1115 2650 Zeuche
1149 2609 1185 2649 ex
1218 2603 1409 2652 testamento
1434 2590 1567 2652 domine

303 2693 476 2756 Catherine
502 2696 659 2756 consortis
684 2695 849 2756 balthasar
873 2696 913 2755 de
938 2695 1021 2777 Alap
1047 2695 1136 2756 dedit
1160 2695 1229 2760 flor.
1256 2696 1291 2758 V.

409 2801 502 2864 Circa
526 2802 584 2864 hec
602 2815 746 2883 tempora
773 2816 959 2864 executores
975 2803 1117 2882 magistri
1138 2802 1255 2864 Mathei
1279 2803 1317 2863 de
1334 2803 1563 2890 Zenthgyvyrg·

302 2927 385 2969 wara
402 2909 621 2990 deposuerunt
637 2907 706 2971 flor.
726 2909 856 2984 decem;
875 2925 905 2970 et
926 2923 1112 2972 executores
1130 2907 1284 2970 Iohannis
1306 2907 1418 2970 decani
1437 2908 1505 2973 llor.
1517 2909 1565 2970 lll.

887 3121 977 3180 ¹5¹1·

409 3224 503 3286 Circa
529 3223 645 3286 festum
669 3225 768 3286 sancti
794 3225 966 3302 Francisci‚
990 3241 1176 3288 executores
1200 3228 1338 3288 condam
1364 3225 1489 3287 domini
1515 3226 1565 3286 lo-

302 3329 416 3392 bannis
439 3330 657 3392 archidiaconi
682 3331 905 3393 warasdiensis
929 3332 1149 3414 deposuerunt
1173 3333 1243 3412 flor.
1268 3334 1338 3396 XX.

888 3545 980 3608 ¹5¹²·

408 3647 440 3708 ln
468 3645 548 3709 festo
573 3649 657 3709 beati
683 3649 806 3710 Nicolai
840 3650 981 3731 episcopi
1007 3663 1038 3712 et
1068 3649 1270 3714 confessoris.
1295 3665 1480 3714 executores
1505 3654 1562 3713 do-

302 3754 380 3815 mini
416 3754 539 3815 Alberti
573 3755 724 3836 prepositi
758 3756 974 3836 zagrabiensis
1006 3755 1225 3838 deposuerunt
1257 3777 1314 3838 pro
1348 3759 1562 3820 deauracione

219 3843 220 3848 ἵ
302 3860 437 3921 calicum
464 3860 533 3924 flor.
549 3862 587 3924 X.

409 3965 486 4026 ltem
513 3967 543 4026 in
570 3979 687 4026 sortem
706 3965 924 4028 estimacionis
941 3967 1067 4047 domus,
1092 3987 1189 4050 quam
1214 3969 1415 4046 inhabitavit,
1442 3969 1501 4030 llor
1531 3971 1566 4046 L,

302 4085 333 4133 et
358 4071 472 4133 iterum
499 4071 566 4132 flor.
592 4073 733 4152 triginta,
758 4092 840 4153 quos
865 4073 983 4154 legavit
1007 4075 1153 4140 ecclesie.

413 4197 504 4258 ¹5¹2·
528 4177 606 4238 ltem
632 4179 713 4240 circa
732 4177 847 4242 festum
870 4181 1010 4258 Martini,
1029 4180 1189 4261 Georgius
1205 4181 1334 4242 curialis
1350 4181 1567 4263 zagrabiensis

302 4303 360 4367 pro
384 4285 544 4348 asseribus
568 4285 607 4346 de
633 4285 710 4366 pino
735 4287 869 4368 receptis
893 4287 933 4347 ad
965 4287 1118 4348 scrinium
1145 4287 1416 4350 Reverendissimi
1442 4288 1565 4349 domini

302 4391 495 4469 Cardinalis,
520 4391 745 4472 deposuit...
772 4392 841 4455 flor.
865 4392 932 4454 Xll.

937 4483 1069 4544 Summa
1095 4482 1246 4544 lntroitus
1278 4482 1352 4545 lacit
1378 4485 1408 4544 in
1434 4497 1519 4545 toto:

936 4589 1005 4649 flor.
1030 4589 1243 4666 V‘LXXVlll,
1268 4590 1326 4652 sol.
1352 4589 1446 4654 Xllll.

890 4803 980 4864 ¹5¹3·

410 4919 501 4981 Feria
527 4937 613 4982 sexta
637 4923 782 5004 proxima
808 4937 878 5003 post
910 4921 1026 4984 festum
1056 4925 1237 4986 Nativitatis
1262 4927 1352 4988 beate
1379 4927 1478 4987 Marie
1503 4928 1565 4986 vir·

302 5024 397 5104 ginis,
430 5043 617 5088 executores
647 5029 769 5089 domini
804 5030 940 5090 condam
976 5031 1103 5092 Andree
1137 5031 1314 5094 Plancknar
1349 5033 1565 5094 archidiaconi
