3842 5802
633 1591 760 1692 (Anno
789 1591 945 1680 Domini
971 1588 1334 1691 nosocomo.)

896 1823 955 1901 (15.
979 1825 1109 1900 aprilis).

475 1980 551 2042 Item
578 1981 608 2042 in
627 2000 713 2042 anno
732 1981 862 2042 Domini
881 1982 1055 2045 millesimo
1073 1982 1393 2064 quadringentesimo
1411 1983 1631 2064 octuagesimo

370 2087 522 2164 secundo,
548 2087 626 2148 feria
650 2087 790 2149 secunda
815 2089 959 2169 proxima
985 2104 1056 2171 post
1080 2091 1295 2152 dominicam:
1326 2090 1426 2163 Quasi
1452 2089 1551 2150 modo
1575 2107 1630 2170 ge-

369 2193 439 2272 niti,
464 2208 608 2276 tempore
633 2194 791 2274 judicatus
815 2195 942 2276 providi
968 2194 1098 2276 Georgii
1124 2195 1180 2256 filii
1208 2196 1282 2274 Viti,
1308 2196 1397 2258 litere
1424 2194 1548 2276 providi
1575 2195 1630 2255 Ni-

370 2300 452 2361 colai
477 2300 631 2362 Horwath
658 2300 698 2361 de
723 2299 844 2378 Othok,
877 2303 1020 2362 concivis
1044 2303 1155 2380 nostri,
1188 2323 1284 2384 super
1316 2303 1415 2364 domo
1440 2321 1507 2379 sua,
1533 2321 1631 2382 quam

369 2408 409 2467 ab
433 2405 567 2468 honesta
593 2408 727 2469 muliere
745 2407 854 2468 relicta
880 2407 1043 2470 Dorothea
1061 2408 1199 2470 condam
1226 2408 1354 2470 Thome
1373 2407 1518 2486 Cheden,
1535 2405 1632 2469 simul

370 2531 442 2573 cum
468 2512 608 2593 quadam
644 2513 785 2574 stacione
818 2513 924 2593 lignea
957 2534 992 2574 ac
1028 2512 1130 2574 fundo
1163 2528 1194 2575 et
1230 2513 1386 2575 hedificiis
1410 2513 1525 2593 ligneis
1552 2513 1634 2574 inter

369 2618 502 2680 domum
528 2633 687 2680 muratam
703 2619 879 2681 liberorum
904 2639 961 2682 seu
977 2640 1196 2682 successorum
1214 2621 1292 2682 olim
1318 2620 1443 2682 Nicolai
1468 2618 1632 2698 aurifabri,

369 2727 409 2786 ab
435 2745 508 2804 una,
533 2725 684 2787 videlicet
708 2727 962 2807 septemtrionali
981 2740 1081 2808 parte,
1098 2742 1129 2788 et
1153 2727 1234 2788 inter
1252 2728 1385 2788 domum
1403 2739 1434 2788 et
1457 2725 1633 2787 stacionem

369 2831 517 2892 similiter
541 2832 680 2912 ligneam
706 2852 742 2893 ac
768 2831 904 2892 fundum
930 2846 961 2893 et
984 2831 1132 2893 hedificia
1166 2832 1264 2914 lignei
1289 2832 1396 2914 operis
1421 2831 1478 2894 viri
1504 2831 1633 2913 providi

369 2950 400 2998 et
423 2938 550 2999 honesti
575 2937 659 3000 Petri
685 2938 882 3020 purgartoris
905 2939 1089 3019 gladiorum
1123 2938 1324 3018 existentem,
1356 2938 1510 3017 habitam,
1542 2938 1632 3016 emit,

369 3057 442 3104 sunt
466 3043 623 3125 sigillate;
648 3043 721 3105 ideo
745 3056 819 3105 sunt
842 3043 901 3104 sibi
921 3043 1012 3104 litere
1039 3043 1248 3125 privilegialis
1272 3063 1368 3126 super
1392 3044 1505 3106 eadem
1531 3043 1631 3104 domo

370 3150 543 3212 extradate.
