3810 5806
382 583 441 644 150
910 565 1093 622 Inventaria.

378 782 485 863 patris,
510 782 602 841 beate
626 778 770 859 virginis,
796 777 927 839 cimeria
956 791 987 838 et
1018 776 1114 837 armis
1148 775 1230 857 regis
1254 773 1426 854 Lodouici,
1451 787 1481 834 et
1505 775 1544 836 ab
1568 787 1643 835 ante

378 905 451 948 cum
477 885 541 946 alio
567 885 699 946 cimerio
723 884 807 965 regis
825 883 982 946 Lodouici
1001 896 1031 944 et
1047 882 1143 944 armis
1160 882 1229 943 eius
1253 882 1285 942 in
1310 878 1549 962 longitudinem
1568 897 1643 941 cum

378 993 547 1054 dalmatica
573 1006 603 1054 et
626 993 732 1052 stricta
758 991 901 1052 eiusdem
927 989 1070 1067 materie,
1094 988 1250 1050 subducte
1267 1007 1339 1049 cum
1364 985 1642 1064 cendato'rubeo,

379 1119 436 1181 pro
462 1099 568 1160 anima
593 1098 723 1159 domine
744 1097 843 1158 Mario
861 1096 970 1178 regine
988 1115 1043 1177 per
1061 1095 1230 1156 dominum
1249 1094 1430 1156 Jobannem
1454 1094 1643 1175 episcopum

380 1207 419 1268 de
444 1206 565 1288 Scepus
589 1218 766 1287 procurata.

486 1312 575 1390 item,
601 1331 662 1372 una
688 1311 794 1372 casula
819 1311 859 1370 de
883 1328 990 1392 panno
1011 1308 1132 1370 sericeo
1157 1308 1258 1368 rubeo
1291 1324 1364 1367 cum
1388 1320 1478 1389 parta
1502 1319 1587 1368 retro
1613 1319 1645 1367 et

380 1433 453 1479 ante
478 1437 533 1500 per
557 1417 692 1478 modum
718 1417 829 1493 crucis,
854 1414 1010 1476 subducta
1035 1434 1107 1475 cum
1133 1413 1270 1474 sindone
1294 1413 1381 1474 albo.

486 1525 574 1603 item,
600 1543 663 1585 una
687 1522 793 1584 casula
818 1523 856 1582 de
881 1521 991 1584 veluto
1014 1521 1103 1603 grisii
1136 1521 1254 1582 coloris
1277 1539 1350 1582 cum
1376 1533 1464 1601 partu
1489 1539 1585 1581 aurea
1610 1520 1643 1580 in

381 1631 516 1692 modum
541 1630 642 1692 crucis
666 1643 697 1692 et
729 1642 802 1691 ante
824 1648 879 1711 per
913 1629 1059 1709 longum,
1092 1647 1164 1690 cum
1197 1627 1367 1688 dalmatica
1400 1639 1430 1688 et
1461 1627 1570 1688 subtili
1604 1625 1645 1687 de

381 1738 492 1800 eadem
518 1737 650 1798 materia
674 1755 746 1798 cum
772 1737 870 1830 partis
901 1736 1030 1796 aurietis
1062 1734 1229 1811 decoratis,
1261 1733 1417 1794 subducte
1449 1753 1522 1794 cum
1546 1733 1643 1793 viridi

382 1843 528 1906 cendato.

488 1949 575 2026 Item,
600 1949 662 2010 alia
686 1949 792 2010 casula
818 1949 857 2010 de
882 1961 1043 2010 camotato
1068 1947 1221 2008 deaurato
1239 1947 1278 2008 ad
1304 1945 1420 2028 figuras
1445 1947 1577 2008 leonum
1603 1945 1643 2004 de

381 2075 460 2116 auro
485 2069 515 2116 et
539 2055 618 2117 listis
643 2075 700 2138 per
723 2057 857 2137 longum
879 2066 1039 2116 cumtexta
1064 2073 1138 2115 curn
1155 2052 1258 2114 friseis
1282 2053 1387 2114 aureis
1411 2065 1495 2114 retro
1518 2052 1550 2112 in
1576 2071 1645 2112 mo·

382 2162 459 2222 dum
484 2163 586 2223 crucis
610 2177 641 2224 et
664 2176 737 2224 ante
762 2182 818 2243 per
842 2161 988 2242 longum,
1016 2161 1173 2222 subducta
1206 2180 1279 2222 cum
1303 2160 1365 2222 tela
1390 2159 1489 2221 blavii
1514 2159 1644 2222 coloris.

489 2269 577 2347 Item,
602 2289 664 2331 una
689 2270 795 2330 casula
820 2268 859 2330 de
885 2269 1064 2331 chamalato
1082 2270 1194 2347 rubeo,
1219 2268 1341 2329 habens
1365 2287 1491 2329 crucem
1516 2288 1532 2328 a
1558 2281 1644 2328 retro

382 2375 489 2436 albam
514 2389 544 2437 et
568 2390 641 2438 ante
665 2396 721 2457 per
746 2376 892 2457 longum.

491 2483 580 2561 Item,
603 2483 666 2544 alia
691 2483 797 2544 casula
823 2483 922 2545 rubea
940 2484 979 2544 de
997 2482 1188 2560 chamalato,
1205 2481 1326 2543 habens
1343 2495 1415 2542 ante
1440 2495 1470 2542 et
1488 2495 1572 2542 retro
1590 2501 1647 2562 per

384 2590 519 2670 longum
545 2603 650 2670 partas
674 2590 832 2671 antiquas.

619 2783 824 2863 Sequitur
851 2783 1144 2845 inventarium
1177 2803 1412 2866 capparum.

491 2926 599 2986 Primo
624 2926 754 2986 inventa
778 2939 825 2987 est
849 2946 912 2986 una
944 2946 1044 3008 cappa
1068 2926 1107 2987 de
1139 2927 1248 2988 veluto
1281 2928 1393 3004 rubeo,
1418 2925 1539 2986 habens
1562 2926 1647 2986 auri·

385 3032 508 3093 frisium
535 3033 633 3092 latum
659 3045 690 3094 et
714 3032 848 3094 diversis
872 3033 1076 3114 ymaginibus
1100 3048 1283 3096 sanctorum
1309 3047 1501 3095 contextam.

491 3139 579 3216 Item,
605 3139 667 3200 alia
692 3158 790 3221 cappa
823 3139 862 3200 de
894 3139 1044 3200 damasco
1078 3160 1159 3221 puro
1191 3160 1269 3202 auro
1303 3153 1449 3202 contexta
1475 3141 1506 3200 in
1531 3157 1648 3220 campo

386 3245 511 3322 blave0,
537 3243 631 3304 viridi
656 3257 687 3306 et
712 3247 812 3306 rubeo
837 3246 868 3305 in
894 3260 981 3326 parte
999 3247 1168 3327 superiori,
1187 3266 1260 3308 cum
1286 3247 1387 3307 rubeo
1412 3245 1548 3307 cendato
1573 3245 1648 3305 sub-

386 3351 491 3428 ducta,
517 3351 633 3412 donata
659 3371 716 3433 per
739 3353 882 3433 reginam
907 3353 1077 3416 seniorem.

493 3457 581 3534 Item,
606 3457 700 3518 aliam
727 3476 860 3539 cappam
885 3478 963 3518 auro
988 3471 1168 3520 contextam
1193 3479 1249 3539 per
1276 3471 1392 3536 totum,
1416 3457 1525 3518 subtili
1550 3477 1648 3538 opera

387 3563 512 3641 factam,
541 3563 689 3624 albedine
720 3564 862 3642 mixtam,
888 3563 1009 3626 habens
1029 3563 1223 3625 aurifrisium
1254 3564 1388 3644 longum
1418 3577 1448 3623 et
1465 3564 1646 3643 antiquum,

388 3671 540 3730 donatam
559 3689 615 3752 per
640 3670 808 3730 dominum
834 3670 971 3731 condam
996 3671 1167 3732 Nicolaum
1194 3671 1409 3752 episcopumff

493 3777 582 3855 Item,
607 3777 669 3837 alia
693 3797 793 3858 cappa
818 3797 889 3838 cum
914 3777 1074 3838 aurifrisio
1092 3778 1225 3859 antiquo
1250 3778 1418 3838 continens
1443 3777 1473 3836 in
1499 3795 1531 3836 se
1560 3794 1646 3857 yma·

385 3885 477 3964 gines
500 3885 608 3944 avium
633 3903 728 3944 aurea
753 3884 855 3966 capita
879 3884 1043 3962 habentes,
1067 3887 1187 3965 absque
1212 3884 1419 3945 subductura.

436 4013 440 4022 ·
494 3989 583 4068 Item,
608 3990 670 4050 alia
695 4010 796 4071 cappa
820 3991 982 4052 albucum
1001 3991 1126 4051 meliori
1145 3989 1318 4068 aurifrisio,
1336 3989 1456 4050 habens
1479 3987 1662 4073 ymagines·

387 4097 507 4177 aquille
532 4096 597 4157 duo
623 4097 724 4177 capita
738 4117 834 4158 aurea
853 4117 950 4158 unum
970 4116 1085 4178 corpus
1102 4097 1282 4174 continens,
1299 4097 1420 4177 absque
1442 4095 1649 4156 subductura.

493 4202 582 4280 Item,
608 4201 669 4262 due
695 4222 792 4283 cappe
818 4203 921 4264 crocei
939 4203 1066 4281 coloris,
1092 4203 1186 4263 unius
1203 4203 1320 4283 operis,
1346 4221 1419 4262 cum
1443 4199 1649 4262 subductutis

388 4309 427 4369 de
452 4308 514 4369 tela
539 4309 637 4368 rubea
661 4326 781 4388 grossa,
807 4328 879 4369 cum
905 4307 1000 4369 frisiis
1025 4309 1184 4390 antiquis,
1212 4327 1274 4369 una
1299 4307 1339 4369 de
1362 4327 1442 4368 auro
1467 4321 1497 4368 et
1521 4306 1584 4367 alia
1610 4305 1649 4366 de

387 4416 489 4476 serico
518 4414 604 4475 albo„

494 4521 583 4599 Item,
608 4521 669 4581 alia
694 4540 793 4602 cappa
811 4522 893 4600 alba,
919 4522 995 4582 boni
1021 4523 1138 4604 operis,
1155 4522 1324 4583 continens
1348 4522 1515 4604 ymagines
1539 4521 1648 4582 avium

388 4643 418 4688 et
442 4626 655 4707 quarumdam
681 4627 864 4706 bestiarum,
889 4629 989 4688 rubeo
1013 4628 1180 4707 subducta,
1205 4629 1347 4709 antiqua.

497 4733 586 4811 Item,
612 4753 673 4793 una
700 4733 761 4793 alia
788 4754 887 4815 cappa
912 4735 952 4795 de
984 4735 1084 4796 serico
1116 4734 1219 4795 crocei
1251 4735 1368 4796 coloris
1392 4753 1464 4795 cum
1489 4732 1649 4794 aurifrisio

388 4835 524 4921 antiquo
547 4840 668 4901 scilicet
693 4840 899 4904 subductura.

496 4946 583 5024 Item,
608 4967 671 5007 una
689 4967 789 5029 cappa
812 4949 954 5030 preciosa
980 4949 1019 5010 de
1037 4948 1184 5010 cetenino
1210 4951 1310 5010 rubeo
1335 4959 1481 5009 contexta
1507 4947 1546 5008 de
1571 4967 1650 5008 auro

389 5072 469 5132 puro
494 5072 565 5112 cum
599 5054 803 5134 ymaginibus
834 5055 960 5133 avium,
985 5056 1128 5134 leonum,
1160 5055 1362 5136 capriolium,
1394 5074 1465 5115 curn
1499 5054 1596 5114 ramis
1619 5067 1650 5114 et
