3810 5806
376 584 416 646 68
903 581 1108 662 Anno1482.
1151 619 1154 625 -

374 813 437 859 tam
466 812 588 858 murato
615 816 712 880 quam
738 797 844 878 lignee
870 797 902 858 in
927 796 1011 858 dicta
1036 795 1163 858 civitate
1193 796 1274 858 inter
1299 796 1378 858 duas
1400 796 1468 858 vias
1491 817 1546 858 seu
1572 799 1638 880 pla·

374 920 441 966 teas
464 923 654 966 communes
678 917 709 965 et
733 903 765 964 in
790 902 954 964 vicinitate
980 902 1152 965 domorum
1178 903 1304 984 providi
1330 902 1390 964 viri
1415 901 1548 985 Georgii
1573 923 1640 965 car·

374 1011 520 1093 pentarii,
544 1031 561 1071 a
585 1010 679 1092 plaga
704 1009 863 1087 orientali,
888 1030 904 1070 a
930 1009 1024 1092 plaga
1046 1028 1122 1070 vero
1147 1009 1403 1090 septemtrionali
1430 1010 1582 1072 videlicet
1606 1011 1638 1072 in

374 1132 524 1199 postergo
549 1136 647 1178 seua
672 1130 759 1198 parte
784 1116 954 1197 posteriori
978 1114 1133 1176 heredum
1167 1135 1224 1176 seu
1249 1135 1470 1177 successorum
1497 1116 1640 1178 virorum

375 1223 511 1285 condam
539 1221 666 1283 Andree
684 1222 801 1284 sutoris
826 1221 892 1282 Lab
919 1221 994 1283 dicti
1020 1235 1051 1283 et
1069 1221 1223 1304 Stephani
1241 1221 1357 1283 literati
1386 1221 1639 1306 Hertvoyevvych

375 1330 462 1408 dicti,
486 1329 566 1390 olim
590 1329 772 1390 concivium
798 1341 996 1406 nostrorum,
1020 1347 1116 1390 unam
1136 1329 1169 1389 in
1193 1342 1262 1389 toto
1287 1327 1420 1406 curiam,
1444 1327 1541 1388 simul
1566 1347 1638 1388 cum

373 1435 481 1498 fundis
505 1436 624 1498 eisdem
649 1435 799 1496 domibus
823 1435 882 1496 sub
907 1449 938 1496 et
955 1435 1176 1496 adiacentibus
1194 1435 1224 1496 in
1250 1454 1284 1496 se
1308 1435 1540 1512 continentem,
1565 1453 1629 1495 me-

373 1543 525 1604 dietatem
550 1555 585 1604 ut
609 1541 782 1622 predicitur
806 1541 904 1623 ipsius
928 1541 1045 1603 domus
1074 1555 1208 1620 mutate,
1240 1562 1257 1602 a
1290 1555 1377 1624 parte
1401 1541 1523 1602 scilicet
1547 1541 1630 1602 dicte

377 1649 472 1710 unius
495 1649 545 1710 vie
570 1667 626 1710 seu
650 1648 756 1730 platee
781 1648 973 1726 communis,
998 1668 1015 1708 a
1039 1647 1133 1730 plaga
1165 1647 1317 1710 videlicet
1341 1647 1546 1708 meridionali
1579 1647 1631 1708 ha-

374 1755 484 1834 bitam,
509 1755 670 1834 situatam,
692 1774 727 1815 ac
752 1753 957 1816 medietatem
987 1753 1129 1835 predicte
1162 1753 1279 1815 domus
1306 1753 1412 1835 lignee
1438 1773 1536 1835 penes
1560 1773 1633 1814 ean·

374 1861 447 1922 dem
473 1861 606 1923 domum
633 1873 802 1939 muratam,
826 1881 844 1921 a
868 1873 956 1941 parte
980 1860 1102 1922 scilicet
1129 1860 1310 1942 posteriori,
1334 1879 1390 1921 seu
1415 1879 1432 1920 a
1457 1859 1541 1921 dicta
1565 1879 1634 1942 sep·

374 1966 570 2028 temtrionali
602 1965 708 2048 plaga,
739 1965 818 2026 duas
852 1965 972 2027 scilicet
1006 1981 1134 2046 quartas
1167 1965 1254 2026 curie
1286 1965 1317 2026 in
1350 1985 1384 2026 se
1408 1965 1639 2044 continentem,

375 2075 475 2154 probe
501 2072 628 2133 mulieri
654 2071 755 2133 Elene
778 2072 869 2132 aliter
885 2072 1001 2133 Jelicza
1027 2070 1111 2132 dicte
1128 2091 1185 2152 pro
1203 2071 1332 2152 triginta
1357 2070 1425 2134 flor.
1450 2071 1519 2132 auri
1544 2084 1575 2132 et
1591 2071 1639 2132 vi·

374 2180 454 2260 ginti
480 2179 625 2260 quinque
648 2177 788 2238 denariis
812 2177 957 2238 vendidit
980 2191 1136 2260 perpetuo
1156 2176 1403 2259 possidendam,
1427 2178 1477 2238 cui
1503 2177 1575 2238 data
1593 2193 1640 2238 eat

376 2287 467 2347 litera
492 2284 712 2367 privilegialis.

480 2391 578 2465 Quod
615 2391 689 2472 quia
725 2390 826 2471 proba
862 2391 978 2450 mulier
1010 2388 1175 2452 Dorothea
1211 2403 1322 2451 vocata
1358 2390 1467 2451 relicta
1500 2389 1637 2452 condam

377 2497 497 2558 Mathie
521 2497 650 2558 sartoris
674 2495 838 2578 quoddam
866 2493 961 2557 senile
986 2497 1129 2557 suumin
1155 2516 1270 2579 campo
1288 2512 1398 2558 nostro
1421 2516 1478 2558 seu
1502 2497 1639 2559 civitatis

375 2605 516 2686 predicte
543 2604 624 2664 inter
649 2601 746 2664 fenile
771 2601 905 2682 provide
938 2616 969 2664 et
992 2601 1126 2664 honeste
1159 2603 1304 2664 mulieris
1338 2602 1502 2664 Dorothea
1527 2617 1638 2664 vocate

375 2711 483 2772 relicte
506 2708 641 2771 condam
668 2708 765 2770 Blasii
792 2708 955 2786 institoris,
988 2722 1118 2790 aparte
1152 2709 1312 2787 orientali,
1337 2723 1368 2770 et
1400 2729 1416 2769 a
1449 2721 1537 2790 parte
1569 2728 1637 2790 sep-

375 2817 570 2878 temtrionali
596 2829 626 2876 et
651 2836 750 2898 penes
774 2829 890 2877 terram
916 2815 1070 2877 arabilem
1102 2834 1322 2876 successorum
1346 2815 1483 2876 condam
1511 2815 1634 2876 Nicolai

374 2925 483 3003 generi
511 2922 708 3006 Symonych,
732 2943 749 2984 a
773 2937 862 3005 parte
887 2922 1037 2984 videlicet
1061 2921 1264 3000 occidentali,
1288 2942 1305 2983 a
1330 2935 1419 3004 parte
1443 2941 1520 2983 vero
1545 2921 1638 2983 meri·

375 3030 497 3091 dionali
523 3049 621 3112 penes
645 3029 729 3090 viam
755 3029 932 3110 publicam,
969 3029 1106 3109 provido
1139 3042 1169 3088 et
1193 3028 1329 3089 honesto
1362 3027 1511 3089 Michaeli
1535 3026 1639 3109 jurato

376 3136 587 3219 Opprasnych
614 3136 699 3196 dicto
725 3155 782 3217 pro
807 3135 918 3197 decem
938 3134 1007 3197 flor.
1033 3135 1179 3196 vendidit
1196 3134 1265 3213 jure
1290 3149 1465 3217 perpetuo;
1490 3133 1540 3195 cui
1566 3133 1638 3195 data

376 3257 423 3305 est
446 3243 537 3304 litera
563 3241 781 3324 privilegialis.

482 3348 580 3421 Quod
598 3348 673 3428 quia
691 3347 824 3408 honesta
842 3347 974 3408 domina
994 3347 1094 3409 Elena
1113 3367 1198 3409 nunc
1215 3366 1346 3409 consors
1363 3347 1520 3428 legittima
1546 3346 1638 3407 Pauli

378 3454 544 3532 Horwath,
563 3453 724 3535 quandam
743 3453 876 3514 domum
894 3472 983 3514 suam
1002 3453 1098 3514 simul
1116 3473 1187 3514 cum
1207 3451 1308 3514 lando
1333 3466 1364 3514 et
1381 3451 1525 3534 edificiis,
1542 3452 1636 3514 cella·

377 3561 491 3642 rioque
515 3561 723 3621 subterraneo
748 3560 780 3620 in
806 3559 888 3620 dicta
914 3559 1042 3621 civitate
1067 3560 1148 3620 inter
1181 3559 1314 3620 domum
1339 3559 1480 3640 ligneam
1505 3577 1542 3620 ac
1567 3557 1637 3619 fun-

376 3667 453 3729 dum
479 3681 509 3729 et
533 3665 656 3728 edificia
683 3666 816 3726 ecclesie
841 3678 947 3727 nostre
970 3651 1161 3747 parochialis
1186 3665 1270 3727 beati
1297 3665 1395 3726 Marci
1420 3664 1639 3745 ewangeliste,

376 3773 609 3851 ameridione,
634 3786 664 3834 et
689 3772 770 3832 inter
805 3771 939 3832 domum
974 3785 1131 3833 muratam
1166 3769 1316 3852 Bolfangi
1348 3769 1504 3852 pellificis,
1528 3791 1546 3832 a
1569 3788 1639 3852 sep·

376 3881 559 3970 temtrione,
584 3879 643 3961 ipsi
670 3879 770 3939 Paulo
807 3877 962 3939 Horwath
996 3879 1038 3939 ob
1070 3897 1214 3938 amorem
1247 3876 1428 3958 conjugalis
1452 3875 1639 3938 dileccionis

376 3986 465 4050 dedit
489 3999 519 4048 et
542 3985 726 4068 propinavit
748 3999 906 4067 perpetuo
923 3983 1170 4066 possidendam3
1195 3983 1246 4044 cui
1264 3983 1336 4045 data
1362 3996 1410 4045 est
1434 3983 1525 4044 litera
1542 3983 1638 4065 privi-

376 4093 512 4174 legialis.
