3804 5798
238 1731 347 1826 Nota,
377 1731 472 1831 quod
510 1753 603 1806 anno
642 1729 774 1806 domini
810 1729 998 1806 millesimo
1040 1727 1298 1818 CCCLXVIII,
1336 1737 1501 1830 tempore

232 1853 415 1951 judicatus
453 1854 585 1929 domini
625 1852 724 1929 Petri
761 1852 820 1928 filii
858 1851 1014 1944 Donati,
1046 1852 1175 1951 judicis
1215 1853 1371 1929 civitatis
1411 1852 1500 1930 Gre-

240 1978 393 2066 chensiS,
423 1999 589 2053 numerus
609 1977 855 2077 inquilinorum
876 1985 915 2052 et
937 1985 1024 2054 taxa
1052 1978 1260 2054 eorumdem
1280 1978 1502 2054 circulariter

644 2101 737 2177 infra
764 2108 848 2177 sunt
876 2103 1094 2202 conscripta.

343 2311 452 2373 Primo
475 2313 506 2373 in
532 2313 619 2374 cutia
644 2311 811 2391 Anthonii,
833 2311 891 2374 filii
920 2312 1067 2392 Vidonia,
1093 2313 1201 2376 Marti·

241 2438 301 2478 nus
324 2419 543 2500 carpentarius
1192 2415 1309 2502 (solvit)
1334 2419 1401 2481 XL.
1428 2419 1501 2480 den.

344 2523 422 2584 Item
433 2525 465 2584 in
476 2523 710 2586 curiafiliorum
726 2523 871 2608 Chopur,
880 2525 1001 2610 Symon
1014 2524 1187 2605 Hungarus
1197 2521 1313 2608 (salvii)
1331 2525 1398 2587 XL.
1427 2525 1500 2587 dett.

344 2631 421 2693 l'tem
446 2633 477 2692 in
503 2632 590 2693 curia
616 2630 754 2714 Gangek
779 2631 905 2712 judicis,
931 2630 1099 2694 Chernech
1189 2627 1308 2715 (solvit)
1333 2631 1402 2693 XV.
1427 2632 1500 2694 den.

344 2737 422 2798 Item
440 2737 559 2798 ibidem
579 2738 690 2798 eadem
710 2739 846 2800 incuria
872 2736 1031 2799 Janchech
1049 2737 1186 2819 piscator
1196 2733 1314 2820 (solvit)
1354 2738 1389 2800 L.
1430 2738 1502 2800 den.

341 2843 418 2905 item
445 2843 536 2921 Guri,
560 2844 723 2925 ligonista,
749 2845 869 2906 ibidem
1197 2841 1314 2927 (sorva)
1354 2845 1393 2904 X.
1428 2845 1500 2906 den.

343 2949 421 3011 Item
450 2950 482 3010 in
507 2950 593 3011 curia
626 2951 750 3011 domini
785 2952 871 3014 Luce
903 2951 943 3013 de
975 2949 1184 3028 Ztcnichnah,

239 3037 375 3122 Mykech
401 3039 552 3119 ligonista
1193 3034 1311 3122 (solvit)
1352 3037 1390 3098 X.
1429 3039 1502 3103 den.

345 3143 423 3206 Item
448 3145 479 3206 in
505 3145 605 3205 domo
627 3143 759 3205 domine
778 3143 899 3222 Flacer,
924 3144 1032 3205 relicte
1057 3144 1186 3206 Thome

237 3250 295 3311 filii
322 3249 469 3332 Gurgini,
495 3251 606 3314 Petrus
631 3249 781 3331 ligonista
1195 3246 1312 3333 (solvit)
1353 3249 1391 3313 X.
1427 3250 1500 3311 den.

341 3357 418 3418 Item
445 3357 477 3418 itr
509 3357 608 3418 domo
641 3356 796 3418 Johannis
828 3355 975 3438 parlerij,
1005 3355 1186 3437 Stephanus

238 3463 375 3546 lapicida
1177 3457 1294 3547 (solvit)
1326 3463 1395 3527 XX.
1427 3463 1500 3526 den.

344 3570 421 3632 Item
448 3571 479 3632 in
506 3570 605 3632 domo
630 3569 756 3632 comitia
784 3569 872 3649 luan,
905 3568 961 3631 filii
987 3569 1075 3647 luan,
1100 3570 1184 3631 Mar·

239 3675 326 3738 tinus
349 3676 501 3758 ligoniata
1190 3671 1310 3759 (solvit)
1349 3675 1389 3736 X.
1429 3675 1502 3740 den.

345 3781 423 3844 Item
448 3783 480 3843 in
506 3781 592 3843 curia
618 3781 760 3862 magistri
786 3779 950 3863 Stephani,
982 3779 1041 3842 filii
1067 3780 1184 3864 Mykch

241 3889 326 3968 bani,
352 3889 463 3949 Petrus
486 3888 637 3968 ligoniata
1193 3884 1311 3972 (solvit)
1349 3887 1389 3951 X.
1430 3887 1502 3951 den.

344 3993 423 4056 Item
449 3995 480 4055 in
506 3995 606 4056 domo
630 3995 744 4055 missus
776 3993 917 4072 Peronia,
950 3993 1064 4055 Jahmo
1089 3993 1184 4056 frater

241 4099 352 4163 Getini
1197 4096 1314 4184 (solvit)
1340 4099 1406 4164 CC.
1430 4100 1502 4164 dett.

176 4265 182 4275 ,
344 4206 421 4268 Item
436 4207 468 4268 in
482 4208 569 4269 curia
585 4207 666 4268 Petri
692 4207 920 4286 archidiaconi,
934 4208 1019 4270 Vido
1036 4207 1186 4288 ligoniata
1197 4203 1314 4291 (solva)
1351 4207 1390 4270 X.
1427 4206 1500 4269 den.

202 4357 210 4376 .
346 4313 424 4375 item
439 4314 470 4375 in
485 4314 571 4375 curia
588 4312 712 4375 Lacchk
730 4313 879 4394 lapicide,
904 4315 1019 4396 Mykus
1032 4309 1310 4396 ligonista(solvii)
1349 4313 1388 4376 X.
1427 4313 1501 4376 den.

348 4419 425 4482 Item
452 4419 604 4483 Gochech
629 4419 741 4482 eadem
768 4419 800 4480 in
826 4420 1089 4502 cutia,lig0nista
1197 4415 1314 4502 (solvit)
1353 4419 1392 4482 X.
1430 4419 1502 4483 den.

345 4524 423 4587 Item
450 4527 571 4588 ibidem
598 4525 754 4603 Thomas,
779 4524 926 4588 similiter
950 4526 1101 4607 ligonista
1191 4521 1308 4608 (seivit)
1347 4525 1386 4586 X.
1426 4524 1499 4588 den.

346 4631 421 4693 Item
441 4632 473 4693 in
491 4633 577 4694 curia
596 4632 704 4693 relicte
722 4630 859 4692 condam
882 4631 1051 4710 Janchech,
1076 4632 1182 4712 sagiti-

239 4738 330 4820 parii,
356 4738 471 4821 Royiro
498 4739 647 4820 ligonista
1194 4733 1311 4821 (solvit)
1349 4737 1389 4800 X.
1429 4737 1501 4802 dett.

346 4843 422 4905 Item
454 4845 566 4906 eadem
600 4846 631 4905 in
671 4846 768 4922 curia,
802 4842 1010 4922 Skurianech,
1042 4843 1188 4904 similiter

240 4947 391 5030 ligonista
1190 4945 1309 5032 (solvit)
1348 4949 1387 5010 X.
1428 4948 1500 5011 den.

348 5054 425 5117 Item
442 5055 562 5118 ibidem
577 5055 706 5135 Paulus,
720 5056 940 5138 teguliparius,
953 5055 1038 5118 filius
1051 5055 1191 5116 Madone
1352 5055 1390 5117 X.
1429 5053 1501 5118 den.
