3842 5802
838 553 925 608 Anno
948 563 1036 629 1475.
1531 569 1566 630 ²5

306 779 378 826 nate
403 764 553 826 videlicet
576 761 695 844 prefate
719 761 850 822 domine
877 761 1050 840 Dorothee,
1075 781 1218 824 necnon
1245 763 1327 824 inter
1350 763 1429 824 duas
1454 764 1520 824 vias
1538 779 1569 825 et

306 871 427 952 plateas
451 870 595 951 publicas
619 889 635 928 a
662 884 749 948 parte
768 867 1022 949 septemtrionali
1049 883 1079 928 et
1103 869 1305 947 occidentali,
1338 869 1416 930 duas
1441 885 1569 952 quartas

306 977 391 1037 curie
417 976 457 1036 ad
482 995 574 1036 usum
601 973 739 1035 civitatis
764 973 853 1034 inse
887 975 1118 1036 continentem.
1143 1009 1186 1019 -
1211 975 1289 1036 ltem
1314 975 1476 1056 quandam
1503 995 1567 1037 me-

305 1081 456 1141 dietatem
482 1081 588 1162 (h)orti
614 1093 699 1141 extra
725 1092 850 1160 portam
877 1079 1062 1141 carnificum
1088 1099 1161 1142 cum
1193 1081 1365 1142 medietate
1398 1081 1563 1143 cuiusdam

306 1206 401 1268 parve
415 1186 508 1247 vinee
532 1200 562 1246 et
586 1185 703 1246 stabuli
722 1204 758 1245 ac
776 1185 893 1246 domus
918 1204 1015 1267 penes
1032 1186 1170 1246 eundem
1189 1186 1350 1248 stabulum
1376 1201 1566 1266 constructe,

306 1292 395 1353 cuius
419 1305 503 1353 meta
539 1290 691 1372 incipita
728 1304 817 1372 parte
849 1291 998 1352 orientali
1031 1292 1070 1352 ab
1102 1293 1214 1353 arbore
1247 1292 1412 1354 cuiusdam
1446 1295 1569 1354 arboris

307 1417 433 1460 meruse
458 1417 552 1460 cruce
576 1397 710 1478 signata,
735 1415 834 1478 prope
871 1397 952 1458 circa
985 1397 1125 1459 rivulum
1151 1399 1311 1460 Zazidnak
1337 1399 1469 1478 dictum,
1494 1399 1569 1460 inde

306 1503 514 1585 procedendo
538 1502 577 1563 ad
602 1502 802 1564 occidentem
835 1503 923 1563 venit
955 1503 994 1564 ad
1027 1503 1123 1564 aliam
1156 1506 1302 1566 arborem
1328 1524 1452 1566 meruse
1478 1525 1568 1566 cruce

305 1609 452 1670 similiter
477 1609 646 1690 signatam,
670 1627 770 1690 penes
795 1608 875 1669 vites
907 1609 1006 1690 ipsius
1038 1609 1140 1688 vinee,
1173 1610 1291 1672 deinde
1315 1630 1410 1692 supra
1434 1630 1490 1692 per
1515 1631 1568 1672 ve-

305 1729 388 1776 teres
412 1730 513 1778 metas
535 1715 682 1796 procedit
706 1715 745 1775 ad
771 1729 887 1776 metam
915 1716 1080 1796 antiquam
1108 1717 1189 1777 inter
1213 1713 1368 1798 (h)ortum
1394 1717 1521 1778 Thome
1539 1731 1569 1777 et

306 1821 432 1882 vineam
465 1821 621 1882 Anthonii
656 1821 791 1882 senioris
823 1820 947 1898 iudicis.
986 1857 1024 1868 —
1059 1821 1136 1882 ltem
1172 1823 1377 1884 medietatem
1402 1823 1567 1884 cuiusdam

305 1927 398 1988 vinee
424 1928 455 1987 in
480 1926 641 1988 territorio
659 1939 769 1987 nostro
795 1926 948 2006 habitam,
966 1928 1047 1988 inter
1068 1928 1177 1989 vineas
1194 1929 1320 2010 providi
1346 1930 1404 1990 viri
1430 1929 1566 1990 condam

309 2033 405 2094 Blasii
420 2033 579 2095 Vithesicz
596 2033 682 2112 dicti,
700 2053 716 2093 a
735 2032 938 2094 meridionali
957 2047 1045 2114 parte
1060 2048 1090 2094 et
1107 2034 1272 2096 cuiusdam
1288 2036 1424 2096 condam
1445 2037 1568 2116 Marga-

305 2139 394 2201 rethe
420 2140 528 2201 relicte
553 2141 690 2202 condam
718 2139 825 2217 Blasii,
850 2141 930 2201 olim
955 2140 1069 2220 judicis
1094 2155 1124 2202 et
1155 2142 1295 2202 concivis
1322 2143 1433 2219 nostri,
1458 2162 1474 2202 a
1499 2161 1565 2224 sep·

304 2247 487 2323 temtrione,
519 2245 656 2327 desuper
689 2266 705 2306 a
738 2246 789 2307 via
821 2248 985 2308 communi
1019 2267 1153 2328 magna,
1185 2247 1265 2308 infra
1291 2268 1391 2329 usque
1416 2249 1568 2328 rivulum,

304 2350 401 2411 simul
418 2370 491 2411 cum
519 2351 658 2431 virgulto
676 2351 781 2412 eidem
799 2351 986 2415 subiacenti.
1012 2387 1052 2397 -
1078 2353 1154 2414 ltem
1173 2353 1378 2416 medietatem
1403 2353 1567 2416 cuiusdam

305 2470 389 2517 terre
413 2457 543 2518 arabilis
566 2477 602 2518 ac
626 2457 733 2518 senilis
757 2457 863 2519 eidem
887 2473 968 2519 terre
994 2459 1179 2538 adiacentis,
1205 2461 1286 2522 inter
1310 2474 1408 2522 terras
1432 2461 1568 2522 arabiles

306 2562 453 2644 Dyonisii
478 2561 536 2626 filii
564 2562 695 2644 Georgii
722 2577 753 2624 et
778 2564 860 2624 inter
877 2563 1011 2626 fluvium
1030 2563 1123 2626 llicza
1148 2581 1308 2628 vocatum.
1336 2603 1374 2612 -
1403 2567 1478 2628 ltem
1505 2587 1568 2628 me-

305 2667 456 2730 dietatem
483 2668 649 2730 cuiusdam
676 2669 738 2730 alie
755 2682 837 2730 terre
862 2670 991 2731 arabilis
1009 2686 1039 2731 et
1055 2667 1162 2732 fenilis
1178 2672 1237 2733 sibi
1269 2674 1463 2735 subiacentis
1487 2673 1569 2734 inter

305 2787 404 2834 terras
428 2787 536 2836 nostre
562 2776 803 2836 communitatis
831 2789 862 2836 et
894 2777 976 2838 inter
1000 2777 1067 2837 vias
1099 2797 1288 2840 communes
1312 2779 1465 2857 habitam,
1491 2799 1568 2860 qua·

304 2891 380 2940 tuor
404 2879 456 2940 vel
481 2880 557 2942 citra
582 2879 684 2942 dietas
708 2894 788 2941 terre
814 2881 942 2942 arabilis
968 2882 997 2942 in
1024 2903 1056 2942 se
1081 2883 1311 2963 continentem,
1337 2886 1437 2966 ipsam
1464 2885 1567 2946 domi·

307 3004 381 3045 narn
406 2985 603 3046 Dorotheam
628 2985 696 3067 jure
721 2986 915 3048 hereditario
947 3008 964 3048 a
989 2987 1112 3069 prelato
1144 2990 1280 3050 condam
1307 2991 1457 3052 Thoman
1482 3003 1570 3074 patre

305 3109 365 3151 suo
390 3106 648 3170 concernentern,
673 3113 708 3154 ac
733 3111 788 3175 per
806 3112 864 3154 nos
889 3093 994 3155 eidem
1012 3107 1143 3157 statutas
1160 3109 1191 3157 et
1215 3095 1427 3176 confirmatas,
1445 3097 1567 3159 medie·

305 3210 404 3257 tatem
429 3197 579 3258 videlicet
603 3198 845 3279 premissorum,
871 3213 992 3280 partem
1025 3201 1175 3262 videlicet
1207 3222 1308 3281 suam,
1332 3203 1515 3284 propinavit
1539 3217 1569 3264 et

306 3301 398 3364 dedit
421 3303 544 3385 prefato
570 3302 713 3384 Georgio
745 3302 812 3365 filio
846 3303 1038 3366 Vithltouicz
1071 3307 1111 3368 de
1137 3307 1318 3369 Modrussio
1352 3309 1466 3369 marito
1491 3328 1570 3385 suo;

307 3428 405 3489 super
431 3429 495 3490 quo
520 3409 626 3470 eidem
651 3410 724 3470 data
759 3422 805 3471 est
840 3410 944 3471 eidem
970 3411 1060 3472 litera
1092 3413 1312 3494 privilegialis,
1336 3413 1421 3475 salva
1458 3427 1566 3475 tamen

305 3513 370 3574 alia
394 3515 565 3576 medietate
601 3515 747 3576 omnium
785 3516 1012 3597 premissorum
1048 3517 1211 3599 Stephano
1241 3519 1306 3582 filio
1340 3521 1484 3582 eiusdem
1511 3521 1568 3583 do-

307 3619 397 3681 mine
422 3619 584 3683 Dorothee
609 3640 735 3704 semper
759 3621 844 3683 salva
871 3636 901 3684 et
925 3623 1077 3685 inviolata
1102 3639 1320 3706 permanente.
