3810 5806
555 1567 685 1670 (Auno
713 1567 869 1658 Domini
896 1567 1305 1671 Mccconxxfflss).

294 1923 382 2000 Item
421 1925 456 2000 in
495 1948 589 2002 anno
614 1925 758 2001 Domini
788 1926 975 2004 millesimo
1012 1927 1367 2028 quadringentesimo
1396 1953 1554 2030 nonage-

295 2047 386 2124 simo
414 2048 545 2142 tercio,
584 2055 748 2149 tempore
785 2051 955 2127 videlicet
988 2050 1168 2150 judicatus
1207 2051 1392 2152 prudentis
1429 2062 1468 2128 et
1495 2053 1557 2128 ho·

293 2173 386 2249 nesti
413 2172 478 2248 viri
507 2173 648 2250 Martini
676 2173 734 2250 filii
775 2173 920 2268 Vrbani,
952 2176 1113 2252 moderni
1137 2171 1279 2274 judicis,
1309 2201 1458 2277 presens
1497 2177 1556 2252 lta·

396 2295 559 2372 themam
589 2295 808 2374 estfactum
836 2299 870 2374 in
898 2298 996 2375 festo
1027 2299 1125 2375 beati
1155 2297 1326 2397 Gregorii
1357 2323 1461 2400 pape.

817 2513 881 2590 (12.
916 2509 1040 2580 marni).

399 2665 497 2740 Quod
522 2666 598 2749 quia
623 2687 682 2729 nos
714 2667 928 2730 communitas
959 2668 1077 2730 civium
1112 2669 1249 2731 civitatis
1274 2670 1557 2752 Montisgrecensis

292 2773 455 2854 quandam
482 2773 629 2852 domum,
662 2793 725 2855 que
757 2775 923 2836 cuiusdam
957 2774 1094 2836 condam
1128 2774 1256 2858 providi
1288 2789 1319 2838 et
1346 2775 1473 2839 honesti
1498 2778 1556 2839 viri

293 2879 382 2940 Pauli
407 2877 549 2962 sellipari
575 2878 747 2962 prefuerat,
773 2882 812 2942 ab
846 2879 904 2942 hac
929 2881 1001 2942 luce
1034 2881 1181 2942 intestate
1213 2880 1346 2961 decessi,
1372 2883 1403 2944 in
1430 2883 1556 2945 civitate

291 2984 411 3068 prefata
442 2985 607 3065 habitam,
641 2986 722 3048 inter
754 2987 888 3049 domum
922 3003 1080 3048 muratam
1113 3001 1144 3049 ct
1176 2987 1312 3050 fundum
1337 3009 1555 3050 successorum

291 3092 428 3154 condam
454 3092 580 3175 providi
615 3105 645 3156 et
678 3093 805 3154 honesti
837 3093 895 3154 viri
922 3093 1078 3155 Johannis
1111 3094 1265 3156 institoris
1289 3095 1380 3156 aliter
1406 3095 1557 3178 Hansych

291 3197 378 3280 dicti,
402 3199 480 3261 olim
503 3198 619 3280 judicis
644 3212 675 3260 et
699 3199 841 3261 concivis
865 3199 976 3278 nostri,
1009 3221 1026 3260 a
1052 3213 1140 3281 parte
1166 3199 1316 3262 videlicet
1339 3199 1556 3280 meridionali,

291 3325 326 3367 sc
350 3305 433 3368 inter
463 3305 597 3367 domum
631 3305 773 3386 ligneam
797 3319 828 3366 et
859 3304 995 3367 fundum
1029 3305 1087 3365 viri
1121 3306 1248 3388 providi
1281 3321 1311 3368 et
1343 3305 1469 3368 honesti
1496 3307 1555 3368 Mi·

290 3411 409 3474 chaelis
433 3411 599 3491 carnificis,
624 3412 760 3474 senioris
785 3411 878 3493 jurati
904 3413 1110 3494 concivisque
1129 3413 1275 3492 nostri,a
1299 3415 1554 3496 septemtrionali

290 3531 378 3600 parte
403 3517 545 3580 habitam
571 3532 601 3580 et
632 3519 833 3598 existentem,
864 3518 922 3580 tria
955 3518 1107 3581 videlicet
1135 3519 1293 3600 quartalia
1326 3520 1356 3580 in
1389 3540 1422 3582 se
1455 3521 1554 3581 conti·

290 3639 431 3704 nentem,
455 3625 592 3708 provido
617 3638 647 3686 et
671 3625 807 3687 honesto
832 3625 900 3686 viro
919 3624 1091 3686 Valentino
1117 3623 1290 3706 freniparo,
1314 3626 1431 3687 seniori
1456 3625 1555 3708 judici

289 3732 479 3814 concivique
504 3745 624 3810 nostro,
656 3751 692 3794 ac
724 3752 780 3814 per
811 3751 885 3793 eum
919 3732 984 3792 suis
1016 3731 1199 3811 heredibus,
1232 3752 1290 3814 pro
1315 3733 1551 3814 quinquaginta

289 3837 357 3902 flor.
383 3839 451 3901 auri
475 3838 682 3900 vendidimus
710 3839 779 3920 jure
811 3851 969 3920 perpetuo
1005 3837 1245 3919 possidendam,
1278 3837 1317 3898 de
1342 3857 1405 3919 qua
1429 3857 1554 3900 summa

289 3945 489 4007 vendicionis
513 3943 635 4028 prefate
661 3945 777 4006 domus
794 3944 900 4026 primo
917 3957 1074 4026 quantum
1091 3945 1197 4026 potuit
1221 3944 1383 4006 debitores
1407 3945 1553 4006 eiusdem

289 4050 426 4112 condam
451 4050 541 4112 Pauli
566 4049 723 4132 selliparis
741 4051 1009 4129 contentavimus,
1028 4063 1058 4112 et
1077 4051 1151 4131 quia
1178 4050 1244 4132 ipse
1269 4050 1370 4112 eciam
1396 4051 1428 4112 in
1455 4051 1550 4112 nimis

289 4156 403 4238 puerili
429 4169 459 4218 et
482 4163 591 4218 tenera
615 4169 698 4218 etate
722 4169 794 4238 post
818 4175 850 4216 se
880 4155 1108 4236 derelinquens
1137 4175 1263 4236 pueros,
1288 4175 1371 4237 quos
1396 4157 1463 4238 ipse
1488 4156 1548 4218 Va·

288 4263 429 4325 lentinus
451 4283 622 4346 usquequo
648 4263 774 4345 ipsimet
798 4263 938 4346 poterint
963 4264 1082 4324 victum
1107 4263 1167 4324 sibi
1185 4263 1351 4343 acquirere
1376 4276 1407 4324 et
1430 4263 1470 4324 ad
1489 4263 1551 4323 dis-

289 4370 443 4432 crecionis
468 4389 570 4431 annos
592 4370 808 4452 pervenerint,
833 4369 980 4452 promisit
1013 4367 1121 4430 lovere
1150 4383 1180 4429 et
1204 4368 1243 4428 de
1269 4367 1453 4428 necessariis
1479 4387 1549 4450 pro·

288 4477 406 4556 videre,
431 4491 462 4539 et
486 4477 526 4538 de
551 4477 633 4539 dicta
658 4495 785 4538 summa
809 4476 930 4538 eisdem
948 4489 1104 4557 quantum
1122 4473 1189 4536 fieri
1215 4475 1354 4556 potuerit
1378 4493 1545 4535 conserva·

287 4584 402 4664 vimus,
427 4583 651 4665 cuiusquidem
678 4582 862 4644 vendicioni
898 4597 928 4643 et
953 4597 1059 4642 nostre
1091 4579 1293 4642 ordinationi
1326 4581 1472 4661 superius
1496 4599 1548 4641 ex·

286 4703 437 4772 pressate,
464 4689 575 4752 fratres
599 4689 675 4751 dicti
701 4689 838 4751 condam
864 4688 955 4750 Pauli
980 4687 1147 4748 videlicet:
1175 4687 1340 4748 Emericus
1365 4684 1460 4747 irater
1485 4687 1552 4747 eius

287 4797 421 4858 carnalis
445 4817 481 4858 ac
506 4796 668 4858 lohannes
692 4810 723 4858 et
749 4795 885 4856 Mathias
902 4793 959 4855 filii
986 4793 1109 4874 Agathe
1127 4807 1157 4855 et
1174 4793 1277 4854 Vinke
1302 4811 1448 4852 sororum
1468 4792 1550 4854 eius-

287 4902 359 4964 dem
383 4903 529 4965 similiter
553 4903 740 4980 carnalium,
764 4901 803 4962 ad
829 4901 872 4979 id,
901 4919 958 4984 per
985 4901 1093 4961 literas
1118 4915 1241 4960 nostras
1265 4898 1369 4959 vocati
1393 4898 1493 4959 nostri
1519 4898 1550 4958 in

287 5009 449 5093 presencia
474 5009 685 5094 personaliter
710 5008 885 5090 constituti,
918 5021 1033 5086 ratum,
1064 5019 1190 5092 gratum
1222 5018 1318 5090 atque
1342 5002 1469 5069 firmum
1496 5002 1550 5068 ha·
