3842 5802
768 551 854 608 Anno
876 560 966 629 1477.
1458 573 1496 635 35

238 777 356 826 rectam
380 775 411 824 et
434 763 583 844 equalem
608 762 814 825 medietatem
838 763 1093 846 supradictarum
1114 764 1354 846 possessionum
1378 765 1499 828 scilicet

235 883 312 953 puta
347 869 519 931 domorum
553 869 634 930 inter
666 868 782 931 domos
817 881 848 931 et
879 867 997 931 fundos
1030 869 1120 932 Pauli
1158 869 1321 951 aurifabri,
1357 891 1374 932 a
1410 885 1498 954 parte

236 975 383 1038 orientali
409 986 440 1037 et
463 975 545 1037 inter
562 974 698 1037 domum
715 975 991 1038 communitatisa
1015 989 1103 1059 parte
1129 977 1344 1056 meridionali,
1370 997 1496 1040 necnon

234 1102 333 1164 penes
356 1082 441 1144 viam
465 1101 672 1144 communem
696 1103 714 1143 a
737 1095 826 1164 parte
854 1082 1047 1145 occidentali
1072 1095 1103 1145 et
1127 1083 1208 1146 inter
1236 1097 1400 1166 apatecam
1425 1105 1496 1168 pre·

235 1186 290 1250 lati
315 1188 406 1250 Pauli
431 1185 594 1269 aurifabri,
619 1209 637 1250 a
660 1189 926 1271 septemtrionali,
951 1209 1023 1252 cum
1041 1189 1150 1272 spacio
1175 1203 1257 1252 terre
1281 1210 1381 1253 vacue
1399 1212 1496 1275 penes

234 1314 363 1357 murum
387 1295 525 1357 civitatis
549 1308 580 1358 et
604 1315 702 1378 penes
733 1295 853 1358 solium
883 1295 998 1379 prefati
1027 1297 1119 1359 Pauli
1152 1295 1303 1360 aurifabri
1329 1311 1361 1360 et
1385 1299 1497 1362 Jacobi

233 1421 361 1485 sporar3
385 1422 422 1463 ac
446 1402 653 1464 medietatem
685 1403 852 1464 cuiusdam
887 1403 981 1464 vinee
1006 1403 1176 1486 Korythno
1209 1404 1296 1466 dicto
1330 1424 1428 1486 penes
1452 1405 1497 1466 vi-

233 1528 327 1570 neam
353 1509 507 1591 Stephani
533 1509 690 1572 institoris
706 1509 786 1571 alias
809 1509 914 1590 jurati,
931 1531 949 1572 a
967 1524 1055 1592 parte
1078 1510 1294 1590 meridionali,
1320 1525 1351 1573 et
1374 1524 1497 1594 aparte

232 1616 487 1699 septemtrionali
505 1615 632 1698 providi
657 1616 795 1678 condam
813 1615 962 1697 Gregorii
987 1615 1174 1698 Jaghichich
1199 1617 1285 1696 dicti,
1309 1617 1406 1679 simul
1424 1637 1497 1680 cum

232 1721 324 1784 senili
349 1723 524 1805 subjacenti
553 1736 584 1784 et
615 1742 688 1784 cum
721 1723 824 1785 vineis
856 1723 1000 1802 desertis,
1031 1723 1119 1786 silvis
1150 1737 1181 1785 et
1205 1724 1352 1805 virgultis
1375 1724 1496 1786 ibidem

232 1829 358 1910 habitis,
376 1830 520 1892 eiusdem
537 1831 631 1892 vinee
649 1829 809 1893 Korithno
828 1830 914 1893 dicto
931 1831 1052 1892 circum
1069 1845 1099 1892 et
1122 1831 1181 1892 sub
1206 1850 1242 1893 ac
1266 1830 1496 1912 adjacentibus.

230 1972 274 1982 -
298 1936 375 1998 ltem
407 1937 508 1999 eciam
542 1937 748 2002 medietatem
780 1937 947 1999 cuiusdam
979 1949 1062 1998 terre
1094 1936 1191 1998 simul
1223 1956 1296 1999 cum
1320 1936 1441 2018 (h)orto
1466 1950 1497 2000 et

231 2043 383 2125 (h)orreo,
407 2057 471 2106 tres
495 2057 529 2106 ut
554 2044 670 2106 dicitur
693 2044 795 2106 dieras
825 2057 919 2122 terre,
951 2063 1090 2104 unacum
1122 2042 1296 2124 jobagione
1321 2044 1353 2104 in
1379 2043 1493 2106 eadem

230 2163 312 2210 terra
337 2150 461 2228 arabili,
486 2170 502 2211 a
527 2150 757 2232 septemtrione
780 2169 880 2232 prope
904 2150 1012 2211 locum
1031 2149 1242 2211 cremacionis
1268 2147 1495 2211 malefactrinis

230 2255 406 2337 vulgariter
438 2255 608 2318 Zredische
649 2256 770 2318 dictum
811 2276 847 2317 ac
880 2275 978 2337 penes
1010 2253 1163 2338 (h)ortum
1197 2255 1287 2317 Pauli
1323 2254 1403 2318 fabri
1431 2256 1496 2338 (de)

230 2363 465 2440 Jaztrebarzlra‚
491 2382 640 2425 necnon
667 2363 811 2443 undique
837 2361 919 2424 inter
943 2363 1009 2424 vias
1033 2381 1232 2424 communes.
1257 2399 1300 2408 -
1324 2362 1401 2425 ltem
1429 2382 1495 2425 me·

230 2469 382 2532 dietatem
407 2469 575 2532 cuiusdam
599 2484 680 2532 terre
713 2489 812 2552 penes
844 2483 960 2531 terram
993 2470 1092 2531 sancti
1126 2470 1255 2531 Martini
1280 2469 1313 2530 in
1339 2471 1495 2532 suburbio

229 2575 314 2638 dicte
338 2577 475 2638 civitatis
499 2575 677 2656 fundate,h
697 2576 790 2658 plaga
810 2575 1001 2638 occidentali
1020 2589 1050 2638 et
1067 2595 1165 2658 penes
1187 2591 1303 2638 terram
1329 2575 1496 2638 Michaelis

230 2682 356 2764 pridem
380 2683 486 2764 jurati,
518 2704 535 2744 a
568 2697 657 2764 parte
689 2683 907 2762 meridionali,
940 2702 1065 2745 necnon
1099 2683 1182 2745 inter
1213 2683 1293 2744 duas
1316 2683 1383 2743 vias
1408 2701 1494 2744 com-

232 2809 358 2868 munes,
382 2803 417 2851 ut
434 2790 551 2852 dicitur
575 2789 654 2851 duas
671 2789 773 2851 dietas
788 2803 881 2868 terre,
899 2789 1030 2851 demum
1049 2789 1148 2850 eciam
1167 2789 1373 2850 medietatem
1390 2789 1494 2850 cuius·

233 2895 307 2956 dam
332 2911 413 2956 terte
439 2915 537 2978 penes
561 2909 677 2958 terram
703 2895 871 2977 hospitalis
903 2895 1003 2957 nostri
1028 2895 1221 2974 communis,
1246 2915 1262 2956 a
1287 2907 1375 2978 parte
1400 2895 1494 2956 meri·

230 3002 365 3080 dionali,
390 3022 426 3063 ac
450 3005 533 3065 inter
556 3016 672 3064 terram
705 3002 805 3064 sancti
839 3001 979 3080 Martini,
1010 3015 1141 3084 aparte
1174 3001 1333 3080 orientali,
1358 3015 1420 3062 tres
1444 3000 1494 3061 vel

229 3109 307 3169 citra
333 3121 367 3170 ut
391 3108 508 3170 dicitur
539 3107 640 3170 dietas
671 3121 764 3170 terre.
798 3143 839 3153 -
872 3107 950 3170 ltem
984 3107 1189 3170 medietatem
1222 3107 1387 3170 cuiusdam
1410 3121 1493 3169 terre

228 3214 360 3276 arabilis
382 3233 482 3296 penes
503 3227 618 3275 terram
645 3213 778 3276 domine
797 3213 997 3295 Margarethe
1014 3213 1225 3297 Valpothicza
1250 3213 1346 3291 dicte,
1371 3227 1493 3296 aparte

228 3322 495 3403 septemtrionali,
520 3341 646 3384 necnon
669 3321 813 3402 undique
838 3321 920 3383 inter
945 3321 1011 3383 vias
1028 3340 1228 3400 communes,
1253 3339 1370 3383 novem
1396 3334 1430 3383 ut
1446 3320 1493 3381 di·

228 3428 310 3489 citur
334 3427 436 3490 dietas
459 3441 540 3490 terre
566 3427 716 3490 Emerico
740 3427 867 3490 literato
896 3427 963 3489 filio
982 3427 1079 3490 Marci
1105 3426 1161 3488 filii
1188 3425 1291 3489 fratris
1314 3427 1374 3506 sui,
1398 3447 1493 3508 super

227 3535 414 3596 huiusmodi
446 3535 677 3617 propinacione
709 3534 853 3616 predicto
886 3535 947 3595 civi
979 3534 1051 3596 data
1083 3547 1130 3595 est
1163 3534 1253 3595 litera
1284 3533 1493 3616 privilegialis

226 3661 322 3724 super
346 3641 507 3722 premissis
531 3654 686 3723 perpetuo
711 3640 913 3724 possidendis
937 3641 1054 3722 pariter
1079 3653 1109 3701 et
1133 3639 1298 3701 habendis.

335 3746 413 3808 ltem
438 3747 513 3829 quia
538 3748 654 3808 mulier
678 3747 813 3808 Jalsicza
829 3761 952 3825 vocata,
971 3747 1079 3808 relicta
1105 3747 1243 3808 condam
1268 3744 1424 3807 lobannis
1440 3765 1491 3808 su·

226 3853 316 3932 toris,
342 3853 430 3916 dedit
454 3867 485 3915 et
516 3855 701 3937 propinavit
725 3854 899 3916 Valentino
931 3851 1084 3914 frenatori
1118 3853 1275 3914 moderno
1299 3853 1402 3936 jurato
1427 3872 1492 3913 me-

225 3961 380 4022 dietatem
402 3959 570 4024 cuiusdam
603 3960 720 4022 domus
752 3974 783 4022 et
814 3960 921 4022 celarii
953 3960 1152 4021 subterranei
1187 3960 1269 4020 inter
1293 3957 1411 4019 fundos
1435 3979 1491 4020 seu

226 4063 353 4128 edificia
380 4087 397 4128 a
421 4079 510 4148 parte
533 4067 789 4149 septemtrionali
814 4065 993 4129 Clementis
1025 4067 1164 4144 Keczka‚
1189 4079 1220 4127 et
1243 4085 1260 4126 a
1285 4076 1373 4147 parte
1397 4065 1491 4126 meri·

225 4173 349 4234 dionali
374 4174 456 4234 inter
480 4173 615 4236 domum
641 4187 671 4236 et
699 4171 836 4235 fundum
871 4174 966 4235 blasii
999 4171 1186 4249 frenatoris;
1211 4172 1261 4234 cui
1287 4171 1359 4232 data
1384 4185 1431 4232 est
1454 4170 1490 4232 li-

224 4293 292 4340 tera
316 4279 526 4361 privilegialis
550 4299 647 4362 super
669 4279 843 4362 premissis.

333 4386 411 4447 ltem
425 4385 513 4468 quod
538 4387 614 4468 quia
631 4387 748 4450 mulier
765 4387 864 4448 Lucia
882 4405 1013 4447 consors
1030 4384 1168 4448 condam
1187 4384 1351 4446 Ambrosii
1370 4383 1491 4466 Halycz

225 4492 302 4554 dicti
329 4492 418 4554 dedit
441 4505 472 4554 et
495 4493 680 4576 propinavit
711 4493 849 4556 Nicolao
881 4491 949 4555 lilio
982 4491 1148 4554 Michaelis
1180 4491 1380 4572 Chemerycz
1405 4490 1490 4552 dicto

225 4598 266 4660 de
293 4599 473 4661 Morawcza
498 4599 633 4662 domino
657 4613 688 4662 et
711 4600 828 4660 marito
856 4618 915 4660 suo
947 4598 1109 4680 quandam
1143 4597 1277 4659 domum
1302 4615 1393 4658 suam
1417 4615 1490 4658 cum

224 4705 346 4768 celario
371 4706 579 4768 subterraneo
603 4706 700 4768 simul
732 4725 804 4767 cum
838 4703 939 4768 fundo
964 4706 1047 4766 inter
1078 4705 1194 4766 domos
1216 4719 1246 4766 et
1271 4703 1389 4766 fundos
1413 4703 1491 4764 alias

225 4811 426 4873 honorabilis
451 4812 575 4875 domini
591 4812 719 4874 Martini
736 4811 954 4875 archidiaconi
981 4812 1020 4874 de
1041 4813 1157 4891 Vaska,
1181 4833 1198 4874 a
1223 4808 1490 4892 septemtrionali,

224 4918 265 4979 ab
291 4916 502 4999 altera'parte
527 4918 653 4980 Nicolai
678 4919 924 5000 campanatoris,
955 4919 1075 4982 scilicet
1108 4938 1126 4981 a
1150 4933 1238 4999 parte
1263 4915 1488 4990 meridionali;

223 5023 276 5086 cui
293 5023 368 5085 data
386 5037 431 5086 est
453 5023 543 5088 litera
560 5025 770 5107 privilegialis
791 5045 888 5108 super
905 5026 1078 5109 premissis,
1095 5039 1251 5108 perpetuo
1276 5021 1488 5107 possidendis.

1375 5121 1392 5161 s
