3810 5806
638 1631 767 1735 (Anno
794 1631 951 1721 Domini
977 1629 1197 1730 nomm.)

256 1973 362 2049 Anno
395 1971 536 2048 Domini
558 1973 745 2048 millesimo
766 1972 1056 2072 quingentesimo
1084 1971 1263 2072 vigesimo
1284 1981 1399 2066 sexto,
1428 1981 1517 2048 tem·

256 2121 346 2198 pore
364 2097 533 2174 videlicet
557 2097 740 2196 judicatus
760 2097 872 2198 primi,
901 2097 1152 2196 circumspecti
1173 2094 1347 2197 Stephani
1365 2096 1518 2174 aurificis

257 2221 318 2298 lilii
338 2222 531 2314 Michaelis,
552 2221 712 2297 moderni
737 2221 866 2320 judicis
891 2222 1017 2314 nostri,
1046 2245 1197 2323 presens
1221 2220 1432 2298 kathemum
1461 2229 1521 2298 est

259 2349 500 2448 conscriptum
535 2345 643 2424 modo
689 2353 727 2422 et
765 2345 890 2422 ordine
927 2354 1036 2446 prout
1072 2354 1196 2446 patet,
1233 2346 1324 2423 feria
1361 2346 1520 2422 secunda

259 2473 422 2572 proxima
459 2479 543 2547 aute
585 2469 717 2546 festum
751 2468 1019 2546 Purificacionis
1056 2471 1165 2547 beate
1203 2469 1315 2546 Mane
1356 2469 1518 2570 virginis.

767 2695 829 2766 (29.
847 2683 1013 2760 januaris).

364 2825 461 2902 Quod
479 2845 552 2888 cum
570 2845 629 2887 nos
644 2845 702 2908 pro
724 2825 932 2908 expediendis
949 2825 1043 2888 certis
1059 2824 1202 2907 negociis
1226 2825 1342 2887 nostris
1366 2825 1397 2888 in
1416 2825 1518 2888 consi·

257 2933 356 2994 storio
373 2946 482 2995 nostro
496 2931 581 2996 sedis
605 2920 713 2994 nostre
727 2931 894 3013 judiciarie
918 2931 1186 3012 consedissemus,
1202 2946 1279 2996 tunc
1292 2933 1519 3016 circumspectu

258 3053 288 3100 et
300 3039 433 3102 honesta
451 3038 584 3100 domins
602 3039 765 3101 Dorothea
790 3039 986 3102 conthoralis
1007 3039 1164 3120 legittima
1177 3039 1397 3122 circumspecti
1416 3053 1446 3101 et
1463 3040 1519 3102 ho·

257 3145 337 3208 nesti
362 3146 419 3206 viri
447 3145 601 3228 Stephani
625 3143 763 3206 aurificis
787 3145 879 3208 aliter
896 3145 1051 3207 Horwath
1078 3143 1153 3208 dicti
1180 3145 1326 3207 moderni
1351 3145 1466 3228 judicis
1490 3159 1520 3207 et

257 3252 398 3314 concivis
422 3253 523 3314 nostri
547 3252 587 3314 ad
612 3266 754 3314 nostram
771 3252 983 3334 personaliter
1000 3253 1134 3315 veniens
1152 3252 1351 3334 presenciam
1376 3251 1456 3314 fassa
1474 3266 1520 3314 est

256 3359 289 3420 in
313 3359 399 3422 hunc
425 3358 577 3422 modum:
602 3375 637 3421 ut
661 3359 728 3441 ipsa
754 3359 917 3440 quandam
933 3336 1081 3422 'domum
1106 3379 1197 3421 suam
1222 3359 1337 3442 partim
1362 3375 1518 3432 muratam

228 3485 329 3541 ,cum
354 3465 485 3528 cellario
509 3465 658 3528 similiter
681 3481 818 3544 murato,
836 3465 1016 3548 partimque
1041 3465 1140 3548 lignei
1165 3466 1281 3548 operis,
1306 3466 1423 3548 pariter
1446 3485 1519 3528 cum

257 3571 359 3633 fundo
385 3585 417 3633 et
440 3569 574 3634 edificiis
598 3571 630 3632 in
656 3570 738 3633 dicta
772 3572 900 3634 civitate
933 3571 1086 3650 habitam,
1119 3572 1202 3634 inter
1225 3571 1361 3634 domum
1385 3571 1519 3654 provide

256 3678 402 3740 mulieris
427 3678 526 3740 Lucia
552 3691 663 3740 vocate
686 3679 796 3740 relicte
820 3679 958 3740 condam
986 3677 1116 3740 Andree
1140 3678 1256 3740 sutoris
1280 3678 1360 3740 olim
1385 3677 1520 3740 senioris

256 3784 349 3864 jurati
375 3797 406 3846 et
430 3784 572 3846 concivis
596 3784 706 3863 nostri,
732 3805 750 3846 a
774 3784 978 3846 meridionali
1011 3799 1100 3867 parte
1125 3799 1156 3846 et
1180 3785 1261 3846 inter
1286 3785 1421 3846 domum
1446 3805 1518 3867 pro·

256 3891 322 3954 vidi
346 3903 378 3954 et
410 3890 536 3952 honesti
568 3891 627 3952 viri
660 3890 788 3952 Thome
821 3891 970 3974 Bosnyak
1001 3891 1126 3970 vocati,
1157 3891 1304 3953 similiter
1327 3891 1520 3972 concivis,a

255 3997 508 4080 septemtrionali
540 4012 640 4080 parte,
665 3999 705 4060 ab
739 3998 886 4061 orientali
919 3999 1025 4081 platea
1058 3998 1240 4060 communis
1272 4012 1303 4060 et
1327 4018 1428 4081 usque
1453 3998 1519 4081 pla·

255 4119 339 4167 testu
366 4124 573 4167 communem
598 4125 708 4167 versus
731 4119 854 4188 partem
883 4105 1118 4167 occidentalem
1143 4125 1176 4166 se
1201 4104 1440 4184 extendentem,
1465 4104 1518 4166 hs-

256 4213 354 4274 bitanr
379 4225 410 4274 et
434 4211 635 4291 existentem,
659 4232 756 4274 unam
774 4213 930 4293 integram
954 4212 1075 4274 curiam
1100 4211 1140 4273 ad
1158 4231 1252 4272 usum
1277 4211 1359 4273 dicte
1385 4211 1520 4274 civitatis

256 4319 287 4379 in
312 4337 345 4380 se
369 4317 602 4397 continentem,
635 4319 737 4401 ipsam
768 4319 888 4380 scilicet
920 4319 1086 4380 dominam
1116 4317 1316 4379 Dorotheum
1340 4339 1357 4380 a
1383 4317 1520 4399 provido

255 4437 285 4486 et
309 4423 445 4486 honesto
478 4425 617 4486 condam
642 4425 788 4488 lohanne
819 4438 927 4487 sutore
951 4425 1050 4508 priori
1083 4425 1199 4486 marito
1223 4444 1282 4485 suo
1305 4424 1373 4506 jure
1398 4443 1520 4486 succes·

255 4531 339 4593 sorio
371 4551 407 4593 ac
438 4533 702 4594 testamentaliter
734 4533 885 4615 legatam,
920 4545 1185 4610 concernentetn,
1217 4529 1443 4614 prefatumque
1468 4532 1520 4593 Jo-

254 4637 394 4700 hannem
419 4658 436 4700 a
461 4638 556 4700 nobis
579 4657 635 4700 seu
660 4640 890 4701 communitate
924 4653 1031 4701 nostra
1064 4638 1242 4720 emptionis
1268 4637 1363 4698 ritulo
1388 4657 1520 4699 concer-

256 4757 397 4824 nentem,
421 4743 519 4806 simul
544 4763 615 4806 cum
641 4745 794 4807 omnibus
822 4745 964 4808 eiusdem
997 4745 1123 4825 domus,
1149 4759 1183 4806 ut
1206 4743 1375 4827 prefertur,
1401 4744 1518 4806 utilita-

253 4850 349 4928 tibus,
374 4849 497 4932 juribus
521 4864 581 4913 etc.
598 4865 628 4912 et
645 4852 851 4934 pertinenciis
874 4853 1032 4914 universis
1056 4851 1179 4935 prelato
1206 4850 1370 4933 Stephano
1394 4849 1518 4913 aurifici

254 4957 411 5018 moderno
436 4955 535 5038 judici
555 4971 675 5036 nostro,
700 4959 835 5021 domino
852 4973 883 5021 et
908 4960 1023 5021 marito
1040 4978 1098 5021 suo
1123 4959 1164 5020 ob
1190 4977 1334 5020 amorem
1360 4959 1520 5019 sincerum

255 5061 433 5146 conjugalis
457 5063 645 5126 dileccionis
669 5065 818 5146 dedisset,
851 5066 1011 5144 donasset,
1044 5065 1245 5148 propinasset
1268 5064 1337 5148 jure
1362 5077 1519 5148 perpetuo
