3810 5806
518 1611 646 1710 (Auno
674 1610 831 1699 Domini
858 1609 1213 1714 nosocomi.)

253 1950 344 2028 ltem
373 1975 469 2027 anno
499 1949 644 2027 Domini
665 1951 855 2027 millesimo
881 1951 1238 2052 quadringentesimo
1267 1952 1518 2050 nonagesimo,

252 2083 422 2174 tempore
447 2074 630 2172 judicatus
669 2076 817 2150 secundi
856 2075 1035 2151 Dominici
1073 2074 1133 2150 lilii
1158 2074 1329 2176 Johannis
1359 2075 1519 2150 moderni

250 2195 391 2295 judicis,
431 2221 583 2297 presens
622 2197 833 2274 kathernum
874 2207 932 2275 est
967 2199 1102 2275 factum
1140 2199 1319 2274 dominico
1348 2199 1406 2274 die
1435 2208 1520 2275 ante

588 2321 722 2400 festum
750 2321 1019 2400 Purificacionis
1048 2323 1173 2400 Marie.

762 2557 826 2630 (31.
842 2555 1008 2632 junuarii).

362 2708 440 2771 ltem
465 2710 541 2792 quia
567 2709 711 2793 Georgio
729 2713 840 2792 sutori,
857 2711 1016 2775 moderno
1033 2713 1136 2795 jurato
1154 2727 1273 2792 nostro,
1290 2712 1358 2775 filio
1382 2714 1519 2776 condam

257 2815 375 2878 Mathie
401 2815 499 2879 fabris
523 2817 563 2881 de
591 2819 735 2898 Petouia,
760 2821 867 2882 literas
901 2820 1119 2902 privilegiales
1143 2839 1238 2900 super
1262 2819 1361 2881 domo
1385 2840 1441 2882 sua
1466 2821 1520 2882 ha-

255 2923 346 3001 bitas,
373 2923 456 2984 inter
481 2923 615 2986 domum
639 2925 766 3007 providi
791 2941 822 2987 et
846 2927 972 2988 bonesti
998 2927 1082 2988 Petri
1114 2927 1242 3008 Sporar‚
1267 2947 1284 2988 a
1311 2941 1400 3007 parte
1426 2929 1520 2989 meri-

255 3029 388 3108 dionali,
413 3044 443 3092 et
467 3051 484 3092 a
509 3045 597 3112 parte
622 3033 752 3094 australi
777 3031 893 3094 domus
916 3053 973 3094 seu
994 3031 1113 3094 fundus
1137 3053 1356 3095 successorum
1381 3034 1519 3096 condam

256 3137 365 3199 Jacobi
390 3138 520 3199 sartoris
544 3138 698 3218 habitam,
724 3140 829 3220 ipsum
848 3137 1028 3221 Georgium
1045 3159 1101 3221 per
1119 3139 1255 3202 condam
1283 3141 1416 3202 Elenam
1442 3160 1519 3202 uxo-

256 3263 320 3311 rem
356 3243 547 3325 legittimam
580 3243 648 3325 jure
679 3247 877 3307 successorio
919 3261 1177 3325 concernentem,
1209 3261 1355 3329 tempore
1388 3249 1519 3309 combu-

255 3350 367 3412 stionis
391 3349 536 3412 eiusdem
562 3351 688 3430 domus,
713 3351 752 3413 ad
778 3353 931 3414 noticiam
955 3354 1059 3415 tocius
1082 3355 1323 3416 communitatis
1348 3355 1420 3434 igne
1445 3375 1519 3416 con·

256 3471 380 3539 sumpte
406 3455 522 3536 forent,
547 3473 743 3540 quapropter
767 3458 870 3520 dictus
895 3457 1056 3541 Georgius
1094 3459 1188 3521 nobis
1212 3459 1377 3522 humiliter
1399 3460 1520 3542 suppli·

259 3563 351 3641 cavit,
374 3576 408 3625 ut
432 3563 538 3626 eidem
563 3564 603 3626 de
628 3584 715 3626 novo
738 3565 846 3628 literas
862 3566 1082 3648 privilegiales
1105 3586 1201 3649 super
1226 3568 1294 3649 ipsa
1319 3567 1420 3628 domo
1444 3566 1520 3628 dare

259 3669 484 3751 dignaremur;
509 3690 568 3732 nos
592 3671 689 3752 igitur
711 3671 792 3754 juste
817 3675 916 3754 petita
933 3676 1048 3734 merito
1072 3673 1223 3735 exaudire
1248 3674 1409 3752 volumus,
1425 3693 1521 3755 super

255 3777 323 3859 ipsa
347 3795 479 3858 quoque
504 3777 603 3839 domo
628 3779 688 3840 sibi
712 3777 752 3840 de
776 3798 862 3841 novo
894 3779 1001 3841 literas
1025 3779 1243 3861 privilegiales
1268 3780 1418 3842 duximus
1442 3799 1518 3842 con·

257 3882 416 3945 cedendas
440 3897 471 3944 et
495 3884 655 3947 dedimus.

362 3990 439 4052 ltem
465 3991 554 4072 quod
572 3991 647 4073 quia
672 3991 806 4076 provida
826 3992 926 4054 Elena
951 4005 1063 4055 vocata
1082 3993 1191 4055 relicta
1210 3993 1268 4054 viri
1294 3992 1430 4054 condam
1448 4012 1520 4076 pro·

254 4097 320 4158 vidi
345 4111 375 4159 et
398 4097 524 4159 honesti
550 4099 633 4160 Petri
660 4099 842 4181 purgatoris
864 4099 953 4161 dedit
978 4114 1008 4161 et
1032 4101 1217 4183 propinavit
1242 4099 1380 4162 Johanni
1407 4101 1519 4161 sartori

256 4203 348 4264 aliter
372 4203 463 4265 Hans
488 4205 661 4286 appellato,
694 4206 804 4286 generi
836 4225 896 4268 suo
928 4206 1103 4286 carissimo,
1129 4219 1164 4268 ut
1196 4208 1259 4268 iarn
1283 4226 1368 4268 novo
1394 4206 1519 4268 concivi

257 4323 366 4371 nostro
399 4329 525 4372 necnon
552 4310 713 4374 Dorothec
754 4313 911 4374 consortis
950 4332 1005 4374 sue
1036 4313 1213 4394 legittime,
1247 4312 1310 4374 filie
1346 4332 1423 4374 vero
1454 4332 1520 4390 sue,

256 4415 418 4498 quandam
444 4415 578 4478 domum
604 4419 686 4480 inter
711 4419 844 4480 domum
869 4418 1016 4480 similiter
1047 4419 1172 4481 Nicolai
1198 4419 1365 4497 Horwath,
1390 4439 1407 4480 a
1432 4432 1520 4500 parte

256 4523 398 4604 australi,
423 4535 454 4586 et
478 4524 561 4607 inter
586 4524 720 4586 domurn
746 4540 904 4586 muratam
929 4510 1086 4589 Anthonii
1116 4539 1147 4587 et
1170 4525 1295 4587 Alberti
1321 4525 1519 4587 literatorum

256 4641 386 4711 aparte
410 4629 638 4708 meridionali;
664 4631 714 4692 cui
740 4631 813 4694 data
846 4645 893 4695 est
924 4633 1016 4695 litera
1048 4653 1144 4715 super
1176 4632 1340 4715 premissis
1364 4643 1520 4714 perpetuo

256 4735 470 4818 possidendis.

364 4841 441 4904 ltem
466 4843 553 4925 quod
580 4843 655 4926 quia
680 4845 896 4907 communitas
920 4845 1056 4906 civitatis
1080 4845 1361 4926 Montisgrecensis
1386 4843 1473 4905 dedit
1491 4857 1521 4905 et

258 4948 440 5030 propinavit
471 4949 634 5030 quandam
667 4951 800 5011 domum
833 4970 888 5012 seu
921 4949 1057 5012 fundum
1091 4971 1108 5012 a
1138 4971 1245 5033 quoa
1278 4951 1386 5012 multis
1421 4963 1519 5011 retro-

259 5053 357 5137 lapsis
380 5055 472 5118 aunis
497 5069 528 5119 et
552 5057 752 5142 temporibus
769 5057 857 5121 nulla
882 5057 1016 5120 servicia
1034 5077 1092 5122 nec
1109 5057 1199 5122 dacia
1224 5076 1328 5140 neque
1351 5056 1520 5142 vigilature
