3810 5806
423 754 528 817 dentis
559 754 654 816 situm
687 767 719 816 et
752 754 959 830 existentem,
992 771 1064 813 cutn
1097 771 1208 812 secura
1244 749 1293 810 via
1327 768 1384 831 per
1410 747 1563 829 (hlortum
1588 747 1688 829 ipsius

425 862 511 922 Luce
536 861 698 942 Ribarych
722 861 762 921 ab
788 859 854 941 ipsa
878 858 1028 920 orientali
1052 857 1146 940 plaga
1171 855 1387 938 procedendo,
1412 855 1523 916 avito
1548 852 1686 914 condam

424 968 562 1030 Martino
597 967 766 1048 Dumoycb
799 979 969 1028 executore
1001 964 1139 1026 condam
1170 963 1279 1024 relicte
1313 961 1414 1023 Elene
1448 961 1540 1022 aliter
1564 958 1686 1022 Clestra

421 1087 532 1135 vocate
557 1092 614 1155 pro
639 1073 783 1153 quinque
809 1071 877 1134 lior.
903 1071 971 1132 auri
1009 1070 1116 1131 minus
1147 1069 1292 1151 quinque
1316 1067 1429 1129 solidis
1452 1065 1525 1129 latis
1549 1065 1686 1144 emisset,

422 1195 566 1262 tempore
591 1179 750 1260 judicatus
775 1177 909 1258 Georgii
934 1176 991 1239 filii
1016 1177 1081 1238 Viti
1116 1189 1275 1258 protunc
1307 1173 1422 1256 judicis
1446 1172 1486 1234 de
1510 1191 1596 1234 auno
1621 1170 1686 1232 Do·

422 1287 501 1348 mini
525 1285 700 1348 millesimo
730 1284 1051 1366 quadringentesimo
1084 1281 1305 1362 octuagesimo
1338 1299 1443 1357 n0n03
1469 1279 1519 1340 cui
1544 1280 1617 1341 data
1641 1291 1687 1340 est

421 1393 512 1454 litera
538 1391 758 1473 privilegialis.

528 1499 625 1572 Quod
660 1499 735 1581 quia
769 1498 816 1558 vir
848 1497 1002 1580 providus
1037 1510 1067 1558 et
1098 1495 1251 1557 honestus
1284 1493 1444 1576 Georgius
1474 1507 1563 1556 sutor
1587 1491 1685 1573 Jurgh

421 1605 534 1683 dictus,
559 1606 666 1666 senior
700 1604 821 1684 juratus
854 1617 884 1665 et
917 1603 1059 1665 concivis
1091 1617 1209 1679 noster,
1242 1601 1406 1683 quandam
1437 1601 1570 1661 domurn
1595 1619 1685 1660 suam

422 1725 589 1788 muratam,
614 1711 711 1772 simul
736 1731 809 1773 cum
835 1710 935 1772 fundo
961 1724 992 1771 et
1016 1708 1172 1770 hedificiis
1197 1709 1229 1769 in
1265 1708 1348 1769 dicta
1371 1707 1497 1769 civitate
1522 1707 1605 1768 inter
1628 1705 1681 1766 do·

421 1838 510 1878 mum
535 1831 566 1879 et
589 1817 726 1878 lundum
752 1817 879 1898 providi
906 1817 989 1878 Petri
1009 1816 1138 1898 Sporar,
1163 1836 1179 1876 a
1205 1827 1292 1897 parte
1316 1812 1532 1892 meridionali,
1556 1826 1587 1873 et
1604 1813 1686 1874 inter

420 1923 556 1984 fundum
582 1939 612 1985 et
637 1923 730 1984 civile
753 1923 915 1984 desertum
949 1921 1104 1984 heredum
1139 1941 1195 1983 seu
1228 1939 1447 1982 successorum
1473 1918 1610 1980 condam
1635 1919 1684 1979 Ja-

421 2033 493 2092 cobi
517 2031 657 2109 sartoris,
682 2051 699 2091 a
725 2045 812 2112 parte
844 2029 985 2106 australi,
1019 2044 1199 2090 nostrorum
1234 2027 1382 2087 similiter
1413 2025 1606 2102 concivium,
1630 2025 1684 2085 ha·

420 2139 519 2200 bitatn
553 2153 582 2198 et
614 2138 815 2214 existentem,
849 2137 988 2197 mediam
1022 2137 1053 2196 in
1086 2149 1156 2197 toto
1188 2135 1309 2196 cutiam
1340 2134 1372 2194 in
1396 2152 1429 2194 se
1454 2132 1684 2211 continentem,

419 2245 489 2305 viro
514 2245 650 2326 provido
675 2260 705 2305 et
731 2243 866 2305 honesto
893 2243 1030 2304 iohanni
1055 2243 1153 2303 sutori
1182 2241 1272 2302 Hans
1295 2239 1457 2322 appellato
1482 2254 1513 2300 et
1536 2258 1592 2321 per
1609 2257 1682 2300 eum

418 2352 484 2412 suis
508 2351 680 2412 heredibus
705 2369 762 2432 pro
787 2351 900 2431 viginti
925 2364 999 2411 octo
1034 2349 1103 2410 flor.
1128 2348 1276 2409 vendidit
1308 2346 1377 2428 jure
1401 2359 1558 2428 perpetuo
1582 2345 1682 2428 possi·

419 2458 577 2534 dendam;
603 2459 653 2519 cui
678 2458 752 2518 data
777 2471 824 2519 est
847 2457 939 2518 litera
964 2455 1184 2539 privilegialis.

525 2564 623 2638 Quod
648 2565 721 2646 quia
748 2563 881 2625 honesta
916 2563 1047 2625 domina
1080 2561 1244 2624 Dorothee
1276 2580 1407 2622 consors
1430 2559 1586 2641 legittima
1610 2579 1682 2642 pro·

419 2671 484 2732 vidi
510 2687 541 2732 et
557 2672 682 2733 honesti
708 2671 766 2732 viri
785 2671 895 2732 Jacobi
911 2671 1051 2747 Almani,
1065 2669 1201 2731 senioris
1217 2667 1332 2748 judicis
1349 2667 1554 2748 concivisque
1573 2665 1682 2744 nostri,

419 2791 569 2839 executor
594 2778 744 2838 videlicet
768 2797 823 2838 seu
849 2777 1066 2838 commissatia
1091 2775 1272 2837 testamenti
1300 2773 1438 2834 verbalis
1462 2772 1600 2834 condam
1624 2771 1680 2832 do·

420 2885 507 2945 mine
533 2884 696 2946 Dorothee
720 2884 798 2945 olim
824 2883 982 2944 consortis
1007 2882 1163 2963 legittime
1198 2880 1278 2963 Elye
1302 2879 1418 2940 lusoris
1442 2897 1681 2960 campanarum,

418 2991 497 3052 olim
522 2991 664 3052 concivis
688 2991 799 3067 nostri,
833 2989 979 3052 vendidit
1012 2989 1168 3070 quasdam
1201 2987 1317 3049 totales
1348 2985 1518 3068 porciones
1540 2984 1681 3046 vineales

419 3099 501 3159 inter
526 3098 684 3158 desertam
717 3098 876 3158 vinealem
914 3111 1028 3157 terram
1063 3095 1195 3156 ecclesie
1229 3107 1334 3154 nostre
1366 3091 1558 3174 parochialis
1581 3092 1680 3154 sancti

419 3205 516 3265 Marci
542 3205 747 3284 ewangeliste
771 3205 801 3264 in
821 3201 944 3284 prefata
961 3203 1088 3263 civitate
1106 3199 1247 3278 fundate,
1272 3220 1289 3260 a
1306 3199 1559 3282 septemtrionali
1576 3198 1681 3280 plaga,

417 3331 433 3371 a
459 3310 663 3371 meridionali
689 3329 766 3370 vero
791 3324 879 3392 parte
905 3309 1044 3390 quedam
1069 3307 1204 3368 vinealis
1220 3306 1331 3389 porcio
1355 3305 1587 3367 condicionalis
1604 3305 1679 3366 dicti

417 3419 553 3480 condam
581 3418 672 3500 Elye,
697 3413 839 3498 desuper
858 3416 1009 3477 videlicet
1033 3417 1073 3476 ab
1105 3413 1254 3477 orientali
1280 3413 1373 3496 plaga
1398 3433 1415 3473 a
1440 3413 1490 3473 via
1515 3411 1679 3473 communi

416 3545 472 3606 per
497 3538 598 3586 metas
622 3544 659 3584 ex
685 3539 820 3604 utraque
846 3537 935 3605 parte
971 3525 1052 3583 bene
1085 3536 1177 3582 notas
1201 3535 1233 3583 et
1264 3520 1357 3582 certis
1380 3519 1549 3581 arboribus
1572 3517 1679 3580 fructi·

417 3629 492 3692 feris
517 3646 547 3691 et
580 3650 644 3691 non
677 3629 848 3692 fructiferis
881 3630 1040 3690 metaliter
1070 3628 1245 3706 distinctas,
1278 3624 1359 3688 infra
1395 3644 1497 3706 usque
1520 3624 1679 3701 rivulum;

417 3738 560 3818 itemque
584 3737 731 3798 similiter
755 3750 855 3798 certas
880 3736 1052 3818 particulas
1083 3735 1235 3795 silvarum
1261 3734 1342 3794 inter
1364 3732 1477 3794 silvam
1501 3751 1519 3792 a
1543 3745 1679 3814 septem·

416 3843 545 3906 ttionali
571 3859 659 3925 parte
684 3843 811 3925 providi
836 3857 867 3904 et
895 3842 1021 3904 honesti
1045 3841 1103 3902 viri
1138 3840 1301 3904 Valentini
1334 3839 1513 3920 lreniparis,
1544 3837 1679 3899 senioris

416 3950 530 4032 judicis
554 3951 761 4031 concivisque
786 3950 895 4028 nostri,
920 3970 937 4010 a
962 3947 1166 4010 meridionali
1199 3946 1359 4028 siquidem
1385 3945 1488 4028 plagis
1511 3945 1677 4006 cuiusdam

353 4075 359 4086 ·
416 4057 545 4116 alterius
570 4057 659 4134 silve,
685 4075 782 4137 quam
816 4075 900 4116 nunc
933 4055 1122 4118 Valentinus
1155 4067 1244 4115 sutor
1275 4052 1381 4114 senior
1404 4051 1525 4132 juratus
1549 4065 1579 4112 et
1602 4070 1678 4113 con·

416 4163 493 4223 civis
517 4175 624 4223 noster
649 4183 666 4223 a
691 4162 832 4243 quodam
858 4163 970 4222 Pawsa
994 4161 1080 4222 dicto
1097 4160 1175 4222 olim
1205 4160 1337 4221 concive
1363 4173 1472 4220 nostro
1497 4159 1591 4220 titulo
1609 4157 1677 4240 pig-

416 4269 502 4330 noris
529 4267 692 4350 possidere
725 4268 850 4346 dicitur,
883 4268 1019 4348 desuper
1051 4268 1090 4328 ab
1122 4267 1244 4327 oriente
1270 4286 1286 4326 a
1319 4266 1370 4326 via
1394 4265 1571 4342 communi,
1595 4263 1677 4325 infra

414 4395 516 4456 usque
540 4375 681 4435 rivulum
706 4374 914 4435 Kuhinschalr
938 4387 1087 4435 vocatum
1113 4373 1236 4434 habitas
1268 4385 1299 4433 et
1323 4371 1503 4450 existentes,
1527 4371 1676 4453 prudenti

414 4497 445 4545 et
470 4483 701 4564 circumspecto
726 4482 794 4542 viro
819 4481 971 4561 magistro
990 4480 1090 4540 Paulo
1116 4479 1242 4541 notario
1266 4499 1302 4539 ac
1326 4497 1474 4560 pereum
1499 4478 1564 4538 suis
1587 4476 1676 4538 here·

415 4591 510 4651 dibus
534 4609 593 4671 pro
617 4589 731 4669 viginti
757 4601 895 4668 quatuor
919 4586 979 4647 flor
996 4585 1063 4666 jure
1088 4599 1245 4668 perpetuo
1270 4599 1301 4647 et
1325 4583 1576 4646 irrevocabiliter
1599 4603 1676 4644 ven·

414 4697 496 4758 didit
520 4695 747 4778 possidendas;
772 4695 822 4756 cui
850 4694 921 4755 data
947 4709 994 4754 est
1017 4693 1107 4754 litera
1132 4691 1350 4774 privilegialis.

521 4802 619 4876 Quod
644 4803 718 4883 quia
744 4821 803 4862 nos
825 4815 891 4863 tota
917 4800 1131 4861 communitas
1148 4799 1266 4860 civium
1295 4797 1576 4878 Montisgrecensis
1599 4815 1675 4857 con·

412 4910 590 4971 siderantes
614 4908 726 4970 merita
751 4922 782 4970 et
805 4907 944 4990 plurima
968 4905 1102 4968 servicia
1119 4905 1286 4989 prudentis
1310 4918 1341 4966 et
1365 4903 1585 4986 circumspecti
1608 4923 1676 4964 ma·

412 5016 501 5098 gistri
528 5014 630 5094 Pauli,
666 5015 802 5076 senioris
836 5013 951 5097 judicis
986 5027 1016 5074 et
1051 5012 1192 5076 concivis
1225 5011 1334 5086 nostri,
1367 5025 1494 5076 centum
1527 5009 1676 5074 denarios
