3810 5806
806 479 991 540 Iuventaria.
1479 501 1534 561 151

275 690 407 751 floribus
429 710 465 750 ac
489 689 560 752 aliis
585 689 718 751 diversis
745 689 950 771 ymaginibus
967 691 1081 768 aureis,
1108 691 1229 752 babens
1253 690 1447 753 aurifrisium
1466 710 1538 752 cum

275 797 479 881 ymaginibus
502 809 685 858 sanctorum
703 814 776 858 cum
802 795 1048 878 dyadematibus
1067 817 1140 859 curn
1158 799 1254 880 perlis
1278 799 1396 878 grossis
1408 797 1449 859 ''et
1466 819 1539 860 cum

275 903 387 964 ceteris
411 903 583 985 lapidibus,
609 901 730 965 babens
755 903 786 963 in
812 915 941 984 pectore
971 904 1026 966 ubi
1056 904 1230 966 nodulatur
1255 924 1354 988 cappa
1380 907 1445 968 duo
1470 926 1538 967 mo·

275 1011 364 1090 nilla,
389 1011 420 1071 in
446 1030 586 1092 quorum
613 1030 678 1071 uno
702 1023 776 1070 sunt
800 1024 861 1070 tres
879 1009 1013 1093 lapides,
1030 1011 1152 1072 scilicet
1176 1011 1242 1072 duo
1258 1011 1376 1094 saphiri
1403 1027 1434 1074 et
1457 1033 1540 1074 unus

275 1118 449 1196 amatistus,
475 1131 505 1180 et
523 1118 554 1179 in
573 1116 681 1179 medio
699 1137 761 1178 una
779 1115 879 1197 figura
895 1117 926 1178 in
941 1117 1083 1199 quodam
1101 1117 1207 1200 lapide
1232 1119 1377 1200 precioso
1402 1119 1538 1202 sculpta,

276 1225 395 1285 habens
420 1225 451 1284 in
477 1244 575 1286 manu
600 1243 697 1285 unam
722 1243 863 1302 crucem,
880 1243 951 1285 cum
971 1239 1109 1305 quatuor
1133 1224 1247 1285 coralis
1271 1227 1395 1308 magnis
1412 1226 1444 1287 in
1462 1245 1540 1287 auro

274 1331 381 1411 ligata.
407 1329 484 1393 ltem
510 1334 549 1392 ab
574 1330 636 1391 alia
661 1344 750 1412 parte
776 1349 848 1391 cum
873 1330 1001 1391 duobus
1034 1330 1170 1412 saphiris
1194 1345 1224 1392 et
1250 1351 1312 1392 una
1337 1332 1484 1394 amatista
1509 1345 1540 1392 et

274 1438 306 1498 in
333 1438 442 1500 medio
466 1453 560 1520 caput
585 1438 679 1499 unius
692 1438 823 1499 domine
848 1438 879 1498 in
904 1437 1046 1518 quodam
1072 1437 1179 1520 lapide
1202 1437 1278 1500 albo
1301 1440 1473 1522 sculptum,
1498 1439 1539 1500 si·

276 1544 395 1606 militer
420 1564 492 1606 cum
518 1558 656 1625 quatuor
679 1544 795 1606 coralis
819 1543 936 1621 rubeis,
953 1544 1101 1605 similiter
1124 1545 1156 1604 in
1181 1564 1260 1606 auro
1278 1545 1393 1626 ligatis,
1418 1545 1539 1606 babens

274 1651 413 1713 sedecim
437 1651 561 1734 lapides
585 1651 749 1733 preciosos
773 1651 805 1712 in
830 1647 990 1712 aurifrisio
1015 1664 1045 1711 et
1070 1651 1101 1711 in
1127 1652 1262 1712 circuitu
1287 1651 1437 1713 aurifrisii
1464 1673 1537 1714 cum

276 1759 454 1838 margaritis
485 1759 678 1840 quibusdam
712 1758 890 1835 diminutis,
923 1758 1078 1819 subducta
1112 1777 1184 1819 cum
1218 1759 1322 1820 viridi.
1351 1796 1390 1804 -
1418 1760 1537 1821 Eadem

275 1885 374 1948 cappa
399 1865 458 1928 fuit
484 1879 604 1928 mutata
629 1867 661 1927 in
686 1866 782 1927 aliam
810 1863 947 1927 formam
971 1885 1027 1949 per
1051 1865 1222 1927 dominum
1247 1867 1436 1948 episcopum
1469 1886 1538 1928 mo·

276 1972 421 2034 demum.

381 2079 458 2140 ltem
483 2079 546 2141 due
570 2099 670 2162 cappe
695 2079 734 2140 de
760 2079 877 2140 veluto'
895 2080 999 2161 piloso
1022 2079 1126 2140 blavei
1149 2079 1266 2140 coloris
1290 2100 1363 2141 cum
1388 2080 1539 2158 aurifriis,

277 2185 434 2247 subducte
459 2205 531 2247 cum
557 2187 619 2248 tela
643 2205 751 2266 grossa
776 2187 885 2262 rubes,
910 2185 1041 2248 corales.

382 2292 471 2371 ltem,
497 2293 559 2353 due
584 2293 646 2354 alie
671 2313 770 2373 cappe
803 2293 935 2370 corales,
968 2292 1006 2352 de
1031 2292 1137 2354 athlaz
1169 2294 1235 2354 sive
1268 2295 1417 2355 cetenino
1443 2294 1535 2355 flavei

275 2399 403 2476 coloris,
427 2419 501 2460 curn
527 2397 703 2476 aurifrisiis,
727 2399 875 2460 similiter
900 2398 1058 2461 conducta
1085 2419 1157 2460 cum
1182 2400 1257 2462 tella
1281 2420 1403 2481 grossa,
1428 2402 1538 2462 rubea.

324 2575 530 2656 Sequitur
566 2576 856 2638 inventarium
888 2591 1238 2638 ornamentorum
1279 2578 1492 2640 altarium.

380 2721 470 2799 ltem,
495 2721 623 2782 inventa
643 2733 688 2781 est
705 2720 790 2802 palla
808 2740 863 2781 seu
882 2741 1007 2801 pannus
1030 2735 1103 2781 ante
1120 2721 1218 2781 altare
1236 2721 1275 2780 de
1293 2721 1443 2781 damasco
1461 2721 1537 2782 boni

275 2841 307 2889 et
334 2828 404 2909 puri
431 2827 510 2906 auri,
536 2827 627 2888 cuius
650 2827 786 2888 sericum
812 2841 858 2888 est
875 2827 964 2888 rubei
991 2828 1118 2906 coloris,
1142 2826 1263 2888 babens
1280 2827 1460 2888 consimilia
1484 2847 1539 2888 an-

273 2933 397 3014 gularia
422 2953 496 2995 cum
521 2931 682 2994 aurifrisio
699 2933 730 2994 in
749 2947 837 3015 parte
862 2933 1006 2994 inferiori
1030 2947 1059 2994 et
1077 2935 1178 2994 eciam
1196 2935 1305 2995 ristam
1329 2953 1385 2995 seu
1410 2953 1536 2994 comam

274 3041 381 3102 altaris
404 3060 476 3101 cum
502 3038 663 3101 aurifrisio
688 3040 753 3100 lato
778 3053 808 3101 et
834 3040 920 3101 bono
945 3059 1018 3101 cum
1039 3040 1149 3100 subtili
1166 3040 1268 3101 serico
1294 3054 1325 3101 et
1349 3039 1466 3100 diversi
1484 3059 1537 3101 co·

273 3147 350 3208 loris
375 3146 554 3230 inpendulo
579 3146 772 3209 decoratam.

380 3254 468 3333 ltem,
492 3255 622 3316 inventa
647 3265 693 3315 est
717 3253 779 3315 alia
803 3254 888 3336 palla
910 3254 948 3314 de
974 3253 1083 3314 veluto
1101 3240 1201 3315 rubeo
1226 3267 1257 3315 et
1281 3252 1376 3313 viridi
1403 3253 1434 3313 in
1460 3272 1538 3334 qua-

274 3380 344 3422 rum
369 3361 604 3422 coniunccione
628 3361 785 3443 plicarum
810 3374 884 3422 sunt
907 3359 1066 3421 aurifrisia
1082 3373 1204 3442 septem
1230 3359 1368 3441 desuper
1392 3375 1537 3448 consuta,

276 3449 400 3528 babens
424 3466 589 3548 angularia
615 3467 795 3529 consimilia
828 3488 863 3528 sc
895 3467 995 3528 eciam
1021 3485 1148 3528 comam
1181 3467 1289 3527 altaris
1312 3466 1352 3527 de
1377 3464 1538 3527 aurifrisio

274 3574 461 3656 dupplicato
485 3575 582 3635 simul
606 3589 737 3657 propter
761 3575 965 3637 latitudinem
985 3587 1129 3653 consuta,
1155 3593 1290 3654 quarum
1316 3571 1537 3635 aurifrisarum

277 3695 351 3742 sunt
375 3701 427 3741 sex
451 3683 621 3745 subtracte.

379 3787 469 3866 ltem,
494 3808 590 3850 aurea
614 3789 699 3871 palla
717 3789 825 3850 altaris
850 3789 889 3850 de
908 3793 1055 3866 kamolra,
1075 3788 1195 3849 babens
1209 3789 1241 3848 in
1259 3807 1291 3849 se
1316 3786 1434 3870 figuras
1451 3787 1537 3849 fron·

272 3895 362 3956 dium
387 3915 442 3956 sen
467 3893 621 3956 foliorum
647 3915 718 3956 cum
736 3896 895 3956 similibus
919 3895 1046 3976 angulis
1063 3894 1101 3955 de
1127 3914 1204 3955 auro
1223 3895 1387 3973 contextis,
1414 3894 1537 3956 habens

272 4002 374 4064 eciam
399 4022 524 4064 comam
551 4022 623 4063 cum
648 4022 726 4064 auro
750 4015 853 4064 sutam
887 4015 918 4064 et
941 4003 1061 4080 serico,
1095 4001 1266 4062 habentem
1290 4001 1430 4062 sericum
1459 4021 1534 4083 peu-

272 4109 352 4170 dens
377 4123 407 4171 et
431 4129 495 4170 non
521 4107 656 4172 filatum.

378 4215 467 4292 ltem,
492 4216 622 4278 inventa
647 4230 693 4278 est
717 4216 779 4279 alia
804 4217 888 4298 palla
914 4216 1033 4277 babens
1063 4216 1199 4276 rubeum
1224 4233 1374 4296 campum
1399 4227 1429 4276 et
1454 4214 1534 4274 vites

270 4343 327 4384 seu
352 4321 429 4384 folia
455 4322 647 4384 creberrima
672 4342 743 4384 cum
773 4343 851 4384 auro
877 4322 1032 4384 contextis
1063 4341 1136 4382 cum
1170 4339 1262 4382 coma
1287 4333 1318 4382 et
1343 4339 1408 4381 uno
1432 4339 1533 4400 angu-

271 4429 328 4490 lari
354 4447 530 4491 cumauro
555 4427 711 4508 factis,et
743 4430 856 4490 eadem
888 4429 974 4510 palla
999 4428 1094 4488 babet
1127 4427 1157 4488 in
1184 4446 1247 4487 una
1279 4426 1362 4508 plica
1388 4425 1532 4487 inferiori

272 4535 444 4599 defectum.

375 4641 466 4721 Item,
490 4655 565 4704 sunt
589 4643 691 4704 eciam
716 4643 846 4705 inventa
876 4642 1013 4724 quedam
1049 4657 1236 4702 ornamenta
1261 4641 1368 4702 altaris
1393 4639 1535 4721 antiqua,

271 4749 390 4812 habent
412 4764 520 4812 tamen
545 4750 700 4811 mensalia
725 4749 799 4811 satis
825 4751 920 4822 bona.

376 4856 464 4936 ltem,
490 4877 571 4918 unus
596 4874 720 4938 pannus
748 4857 878 4918 sericius
911 4857 1051 4918 diversas
1074 4857 1241 4942 ymagines
1273 4857 1373 4918 sancti
1402 4855 1531 4917 Martini

270 4963 401 5028 babens.
