3810 5806
690 1591 817 1685 (Anno
845 1587 1003 1676 Domini
1029 1583 1182 1680 MDIX.)

311 1953 399 2028 Item
434 1954 468 2028 in
498 1973 591 2026 anno
629 1949 770 2024 Domini
797 1947 983 2024 millesimo
1012 1945 1301 2048 quingentesimo
1335 1965 1443 2034 non0,
1463 1949 1569 2016 ·tem-

309 2099 398 2177 pore
426 2075 595 2151 videlicet
624 2074 739 2174 quarti
765 2071 945 2170 judicatus
966 2070 1150 2172 prudentis
1171 2079 1210 2145 et
1237 2066 1486 2166 circumspecti
1507 2065 1570 2140 viri

310 2201 464 2276 Emerici
485 2197 672 2299 Mikwlych
693 2197 789 2289 dicti,
818 2195 877 2272 filii
897 2195 1084 2286 Demetrii,
1113 2192 1274 2269 moderni
1289 2191 1419 2290 judicis
1444 2190 1570 2282 nostri,

309 2347 459 2426 presens
492 2323 702 2398 kathernum
740 2330 799 2398 est
839 2321 1079 2420 conscriptum
1108 2317 1216 2394 modo
1246 2325 1284 2393 et
1312 2315 1436 2391 ordine
1464 2323 1572 2414 prout

310 2455 423 2549 patet,
462 2446 554 2523 feria
595 2445 752 2522 secunda
791 2445 954 2546 proxima
994 2445 1029 2520 in
1070 2441 1235 2543 profesto
1276 2441 1375 2516 beati
1418 2437 1571 2537 Georgii

855 2569 1025 2644 martiris

827 2849 889 2914 (23.
914 2837 1046 2914 aprilis).

417 2995 516 3070 Quod
540 2996 616 3077 quia
641 3015 700 3057 nos
716 2997 932 3058 communitas
949 2995 1122 3078 quemdam
1140 2992 1298 3078 (h)ortum
1323 3005 1465 3054 nostrum
1484 3009 1570 3051 com·

310 3121 440 3164 munem
468 3103 499 3163 in
524 3101 684 3164 territorio
719 3116 826 3164 nostre
858 3103 994 3164 civitatis
1025 3101 1170 3165 habitum
1203 3115 1234 3163 et
1265 3100 1464 3176 existentem,
1490 3097 1571 3158 inter

310 3208 448 3291 (h)ortos
472 3208 598 3270 Nicolai
622 3210 749 3286 sutoris,
774 3210 813 3270 ab
838 3209 999 3288 orientali,
1023 3223 1054 3272 et
1071 3209 1131 3271 hoc
1155 3208 1296 3271 concivis
1320 3206 1418 3268 nostri
1443 3205 1482 3266 de
1500 3204 1571 3265 vico

310 3331 456 3378 sutorum
480 3329 511 3377 et
535 3337 551 3377 a
576 3316 780 3378 meridionali
813 3317 915 3399 plagis
946 3331 1027 3378 terre
1059 3316 1196 3380 arabiles
1225 3314 1378 3376 heredum
1410 3332 1466 3374 seu
1500 3331 1570 3374 suc-

311 3443 474 3485 cessorum
499 3423 636 3484 condam
662 3422 792 3485 domine
823 3424 956 3503 Agnetis
987 3422 1051 3485 filie
1086 3421 1223 3485 condam
1257 3420 1428 3502 Augustini
1454 3420 1570 3480 Kwsue

311 3529 399 3608 dicti,
424 3529 502 3590 olim
538 3529 680 3591 concivis
711 3530 820 3608 nostri,
852 3531 892 3591 ab
924 3529 1115 3592 occidentali
1151 3548 1227 3591 vero
1258 3528 1340 3590 inter
1363 3525 1499 3609 (h)ortos
1521 3544 1571 3587 ec·

311 3635 406 3698 clesie
430 3635 530 3696 sancti
556 3635 684 3698 Martini
711 3637 742 3697 in
767 3637 839 3698 vico
859 3649 1004 3698 sutorum
1022 3635 1165 3715 fundate,
1189 3656 1206 3696 a
1231 3633 1484 3718 septemtrionali
1502 3651 1571 3714 par·

310 3743 396 3804 tibus
419 3742 470 3804 via
493 3743 686 3822 communis,
703 3743 799 3806 simul
820 3762 893 3806 cum
910 3743 1062 3806 omnibus
1079 3741 1223 3806 eiusdem
1240 3741 1349 3825 (h)orti
1366 3739 1573 3823 pertinenciis

311 3847 448 3931 provido
472 3861 504 3910 et
527 3848 759 3930 circumspecto
791 3850 860 3912 viro
885 3849 1015 3912 Thome
1047 3863 1082 3912 ut
1106 3849 1169 3912 iam
1202 3868 1288 3912 novo
1312 3847 1437 3910 concivi
1462 3859 1572 3908 nostro

311 3974 347 4016 ac
371 3953 505 4016 honeste
529 3954 662 4017 domine
686 3955 787 4018 Elene
812 3956 992 4018 conthorali
1017 3955 1162 4018 eiusdem
1185 3969 1215 4018 et
1237 3974 1294 4038 per
1318 3955 1404 4036 ipsos
1429 3955 1571 4036 ipsorum

311 4060 483 4124 heredibus
506 4081 564 4144 pro
596 4061 707 4124 decem
741 4061 810 4128 flor.
843 4063 1071 4145 perpetualiter
1101 4062 1326 4138 vendidimus;
1354 4061 1405 4123 cui
1429 4060 1502 4122 data
1527 4072 1574 4121 est

312 4167 402 4230 litera
426 4167 635 4250 privilegialis
658 4167 737 4232 feria
762 4183 874 4252 quarta
898 4170 929 4231 in
947 4168 1029 4233 festo
1050 4167 1301 4232 Purificacionis.
1318 4172 1415 4231 Anno
1440 4167 1572 4230 Domini

313 4273 487 4336 millesimo
512 4275 772 4357 quingentesimo
797 4295 896 4342 nono.

418 4397 495 4461 item
520 4400 608 4482 quod
634 4400 709 4482 quia
734 4421 793 4463 nos
820 4402 1036 4464 communitas
1067 4399 1230 4484 quandam
1255 4399 1389 4462 domum
1414 4413 1572 4462 muratam

312 4519 451 4568 nostram
485 4525 690 4568 communem
723 4508 814 4570 aliter
845 4508 1035 4592 Zydanycza
1069 4523 1235 4587 vocatam,
1267 4507 1299 4569 in
1336 4507 1419 4568 dicta
1445 4506 1572 4568 civitate

313 4625 430 4691 nostra,
452 4613 535 4674 inter
559 4612 692 4675 domum
718 4634 774 4676 seu
802 4613 937 4677 fundum
962 4616 1021 4677 viri
1053 4614 1180 4698 providi
1214 4627 1245 4676 et
1268 4613 1393 4676 honesti
1419 4611 1574 4675 iohannis

314 4719 455 4780 concivis
479 4720 578 4780 nostri
603 4721 730 4802 generis
762 4721 911 4784 videlicet
945 4722 1035 4783 Hans
1067 4722 1227 4805 Frayzkar
1257 4720 1404 4781 similiter
1432 4719 1574 4782 concivis

313 4826 422 4904 nostri,
446 4827 486 4887 ab
512 4845 586 4906 una,
610 4827 762 4890 videlicet
785 4829 989 4890 meridionali
1014 4841 1113 4910 parte,
1138 4830 1178 4889 ab
1206 4828 1304 4889 altera
1329 4845 1406 4888 vero
1430 4827 1489 4887 viri
1514 4825 1572 4888 cir·

314 4933 486 5014 cumspecti
511 4948 543 4995 et
573 4933 698 4996 honesti
723 4936 822 4997 Marci
848 4935 993 5018 Posegay
1024 4935 1171 4997 similiter
1202 4935 1343 4996 concivis
1368 4933 1477 5012 nostri,
1503 4952 1572 5016 sep·

313 5038 507 5100 temtrionali
532 5039 685 5121 partibus,
710 5055 741 5102 et
765 5043 803 5102 ab
828 5041 1019 5104 occidentali
1044 5041 1148 5124 platea
1173 5041 1365 5119 communis,
1389 5041 1493 5118 sitam,
1518 5039 1572 5103 ha·
