<?xml version="1.0" encoding="UTF-8"?>
<!DOCTYPE html PUBLIC "-//W3C//DTD XHTML 1.0 Transitional//EN"
    "http://www.w3.org/TR/xhtml1/DTD/xhtml1-transitional.dtd">
<html xmlns="http://www.w3.org/1999/xhtml" xml:lang="en" lang="en">
 <head>
  <title>
</title>
<meta http-equiv="Content-Type" content="text/html;charset=utf-8" />
  <meta name='ocr-system' content='tesseract 3.04.00' />
  <meta name='ocr-capabilities' content='ocr_page ocr_carea ocr_par ocr_line ocrx_word'/>
</head>
<body>
  <div class='ocr_page' id='page_1' title='image "./monumentahistor19laszgoog_0125.png"; bbox 0 0 3810 5806; ppageno 0'>
   <div class='ocr_carea' id='block_1_1' title="bbox 554 1569 1336 1672">
    <p class='ocr_par' dir='ltr' id='par_1_1' title="bbox 554 1569 1336 1672">
     <span class='ocr_line' id='line_1_1' title="bbox 554 1569 1336 1672; baseline 0.013 -13"><span class='ocrx_word' id='word_1_1' title='bbox 554 1571 683 1672; x_wconf 81' lang='lat' dir='ltr'><strong>(Anno</strong></span> <span class='ocrx_word' id='word_1_2' title='bbox 710 1569 867 1659; x_wconf 85' lang='lat' dir='ltr'><strong>Domini</strong></span> <span class='ocrx_word' id='word_1_3' title='bbox 894 1569 1336 1669; x_wconf 77' lang='lat' dir='ltr'><strong>noooonmtxnvm.)</strong></span> 
     </span>
    </p>
   </div>
   <div class='ocr_carea' id='block_1_2' title="bbox 301 1909 1566 2486">
    <p class='ocr_par' dir='ltr' id='par_1_2' title="bbox 302 1909 1565 2011">
     <span class='ocr_line' id='line_1_2' title="bbox 302 1909 1565 2011; baseline -0.001 -25"><span class='ocrx_word' id='word_1_4' title='bbox 302 1910 391 1986; x_wconf 88' lang='lat' dir='ltr'><strong>Item</strong></span> <span class='ocrx_word' id='word_1_5' title='bbox 406 1913 440 1986; x_wconf 92' lang='lat' dir='ltr'><strong>in</strong></span> <span class='ocrx_word' id='word_1_6' title='bbox 460 1934 554 1986; x_wconf 84' lang='lat' dir='ltr'><strong>anno</strong></span> <span class='ocrx_word' id='word_1_7' title='bbox 575 1909 718 1986; x_wconf 89' lang='lat' dir='ltr'>Domini</span> <span class='ocrx_word' id='word_1_8' title='bbox 740 1911 927 1986; x_wconf 91' lang='lat' dir='ltr'><strong>millesimo</strong></span> <span class='ocrx_word' id='word_1_9' title='bbox 949 1910 1304 2011; x_wconf 85' lang='lat' dir='ltr'><strong>quadringentesimo</strong></span> <span class='ocrx_word' id='word_1_10' title='bbox 1324 1910 1565 2009; x_wconf 87' lang='lat' dir='ltr'><strong>nonagesimo</strong></span> 
     </span>
    </p>

    <p class='ocr_par' dir='ltr' id='par_1_3' title="bbox 302 2034 1564 2135">
     <span class='ocr_line' id='line_1_3' title="bbox 302 2034 1564 2135; baseline 0 -25"><span class='ocrx_word' id='word_1_11' title='bbox 302 2042 446 2127; x_wconf 90' lang='lat' dir='ltr'><strong>octavo,</strong></span> <span class='ocrx_word' id='word_1_12' title='bbox 475 2045 640 2134; x_wconf 89' lang='lat' dir='ltr'><strong>tempore</strong></span> <span class='ocrx_word' id='word_1_13' title='bbox 672 2035 842 2112; x_wconf 90' lang='lat' dir='ltr'><strong>videlicet</strong></span> <span class='ocrx_word' id='word_1_14' title='bbox 879 2035 1025 2111; x_wconf 89' lang='lat' dir='ltr'><strong>secundi</strong></span> <span class='ocrx_word' id='word_1_15' title='bbox 1050 2035 1230 2132; x_wconf 86' lang='lat' dir='ltr'><strong>judicatus</strong></span> <span class='ocrx_word' id='word_1_16' title='bbox 1269 2035 1407 2135; x_wconf 85' lang='lat' dir='ltr'>providi</span> <span class='ocrx_word' id='word_1_17' title='bbox 1437 2040 1476 2110; x_wconf 87' lang='lat' dir='ltr'><strong>et</strong></span> <span class='ocrx_word' id='word_1_18' title='bbox 1503 2034 1564 2110; x_wconf 95' lang='lat' dir='ltr'><strong>ho-</strong></span> 
     </span>
    </p>

    <p class='ocr_par' dir='ltr' id='par_1_4' title="bbox 301 2157 1564 2258">
     <span class='ocr_line' id='line_1_4' title="bbox 301 2157 1564 2258; baseline -0.001 -23"><span class='ocrx_word' id='word_1_19' title='bbox 301 2161 394 2236; x_wconf 87' lang='lat' dir='ltr'><strong>nesti</strong></span> <span class='ocrx_word' id='word_1_20' title='bbox 422 2159 487 2234; x_wconf 91' lang='lat' dir='ltr'><strong>viri</strong></span> <span class='ocrx_word' id='word_1_21' title='bbox 517 2158 665 2234; x_wconf 84' lang='lat' dir='ltr'><strong>Fabiani</strong></span> <span class='ocrx_word' id='word_1_22' title='bbox 693 2157 752 2234; x_wconf 91' lang='lat' dir='ltr'><strong>filii</strong></span> <span class='ocrx_word' id='word_1_23' title='bbox 781 2157 937 2251; x_wconf 88' lang='lat' dir='ltr'><strong>Martini,</strong></span> <span class='ocrx_word' id='word_1_24' title='bbox 980 2159 1141 2236; x_wconf 91' lang='lat' dir='ltr'><strong>moderni</strong></span> <span class='ocrx_word' id='word_1_25' title='bbox 1174 2157 1304 2258; x_wconf 90' lang='lat' dir='ltr'><strong>judicis</strong></span> <span class='ocrx_word' id='word_1_26' title='bbox 1333 2159 1448 2234; x_wconf 83' lang='lat' dir='ltr'><strong>nostri</strong></span> <span class='ocrx_word' id='word_1_27' title='bbox 1485 2181 1564 2258; x_wconf 89' lang='lat' dir='ltr'><strong>pre-</strong></span> 
     </span>
    </p>

    <p class='ocr_par' dir='ltr' id='par_1_5' title="bbox 302 2282 1566 2486">
     <span class='ocr_line' id='line_1_5' title="bbox 302 2282 1566 2384; baseline -0.002 -24"><span class='ocrx_word' id='word_1_28' title='bbox 302 2307 385 2360; x_wconf 88' lang='lat' dir='ltr'><strong>sens</strong></span> <span class='ocrx_word' id='word_1_29' title='bbox 428 2291 641 2384; x_wconf 87' lang='lat' dir='ltr'><strong>quatemum</strong></span> <span class='ocrx_word' id='word_1_30' title='bbox 688 2291 747 2359; x_wconf 88' lang='lat' dir='ltr'><strong>est</strong></span> <span class='ocrx_word' id='word_1_31' title='bbox 792 2284 1033 2384; x_wconf 89' lang='lat' dir='ltr'><strong>conscriptum</strong></span> <span class='ocrx_word' id='word_1_32' title='bbox 1075 2283 1166 2360; x_wconf 87' lang='lat' dir='ltr'><strong>feria</strong></span> <span class='ocrx_word' id='word_1_33' title='bbox 1205 2283 1329 2383; x_wconf 79' lang='lat' dir='ltr'><strong>quinte</strong></span> <span class='ocrx_word' id='word_1_34' title='bbox 1372 2284 1405 2359; x_wconf 91' lang='lat' dir='ltr'><strong>in</strong></span> <span class='ocrx_word' id='word_1_35' title='bbox 1442 2282 1566 2383; x_wconf 87' lang='lat' dir='ltr'><strong>vigilia</strong></span> 
     </span>
     <span class='ocr_line' id='line_1_6' title="bbox 724 2407 1148 2486; baseline -0.002 -2"><span class='ocrx_word' id='word_1_36' title='bbox 724 2407 994 2486; x_wconf 85' lang='lat' dir='ltr'><strong>Purificacionis</strong></span> <span class='ocrx_word' id='word_1_37' title='bbox 1023 2408 1148 2486; x_wconf 85' lang='lat' dir='ltr'><strong>Marie.</strong></span> 
     </span>
    </p>
   </div>
   <div class='ocr_carea' id='block_1_3' title="bbox 830 2638 1067 2717">
    <p class='ocr_par' dir='ltr' id='par_1_6' title="bbox 830 2638 1067 2717">
     <span class='ocr_line' id='line_1_7' title="bbox 830 2638 1067 2717; baseline 0.008 -19"><span class='ocrx_word' id='word_1_38' title='bbox 830 2645 870 2714; x_wconf 90' lang='lat'><strong>(1.</strong></span> <span class='ocrx_word' id='word_1_39' title='bbox 886 2638 1067 2717; x_wconf 81' lang='lat' dir='ltr'><strong>februarii).</strong></span> 
     </span>
    </p>
   </div>
   <div class='ocr_carea' id='block_1_4' title="bbox 298 2780 1565 4992">
    <p class='ocr_par' dir='ltr' id='par_1_7' title="bbox 298 2780 1565 3822">
     <span class='ocr_line' id='line_1_8' title="bbox 405 2780 1563 2863; baseline 0.001 -22"><span class='ocrx_word' id='word_1_40' title='bbox 405 2780 504 2854; x_wconf 93' lang='lat' dir='ltr'><strong>Quod</strong></span> <span class='ocrx_word' id='word_1_41' title='bbox 528 2781 603 2863; x_wconf 82' lang='lat' dir='ltr'><strong>quia</strong></span> <span class='ocrx_word' id='word_1_42' title='bbox 628 2795 694 2844; x_wconf 83' lang='lat' dir='ltr'><strong>tota</strong></span> <span class='ocrx_word' id='word_1_43' title='bbox 719 2783 936 2845; x_wconf 90' lang='lat' dir='ltr'><strong>communitas</strong></span> <span class='ocrx_word' id='word_1_44' title='bbox 961 2783 1080 2844; x_wconf 90' lang='lat' dir='ltr'><strong>civium</strong></span> <span class='ocrx_word' id='word_1_45' title='bbox 1108 2782 1244 2843; x_wconf 89' lang='lat' dir='ltr'><strong>civitatis</strong></span> <span class='ocrx_word' id='word_1_46' title='bbox 1271 2782 1563 2862; x_wconf 84' lang='lat' dir='ltr'><strong>Montisgrecensis,</strong></span> 
     </span>
     <span class='ocr_line' id='line_1_9' title="bbox 301 2884 1564 2968; baseline 0.001 -21"><span class='ocrx_word' id='word_1_47' title='bbox 301 2885 465 2968; x_wconf 86' lang='lat' dir='ltr'>quoddam</span> <span class='ocrx_word' id='word_1_48' title='bbox 491 2884 588 2950; x_wconf 89' lang='lat' dir='ltr'><strong>lenile</strong></span> <span class='ocrx_word' id='word_1_49' title='bbox 608 2887 832 2950; x_wconf 87' lang='lat' dir='ltr'><strong>condicionale</strong></span> <span class='ocrx_word' id='word_1_50' title='bbox 850 2889 882 2950; x_wconf 92' lang='lat' dir='ltr'><strong>in</strong></span> <span class='ocrx_word' id='word_1_51' title='bbox 908 2889 1068 2950; x_wconf 90' lang='lat' dir='ltr'><strong>territorio</strong></span> <span class='ocrx_word' id='word_1_52' title='bbox 1085 2887 1181 2949; x_wconf 90' lang='lat' dir='ltr'><strong>huius</strong></span> <span class='ocrx_word' id='word_1_53' title='bbox 1198 2888 1334 2950; x_wconf 85' lang='lat' dir='ltr'><strong>civitatis</strong></span> <span class='ocrx_word' id='word_1_54' title='bbox 1351 2889 1432 2949; x_wconf 93' lang='lat' dir='ltr'><strong>inter</strong></span> <span class='ocrx_word' id='word_1_55' title='bbox 1448 2901 1564 2948; x_wconf 91' lang='lat' dir='ltr'><strong>terram</strong></span> 
     </span>
     <span class='ocr_line' id='line_1_10' title="bbox 300 2991 1563 3077; baseline 0.002 -25"><span class='ocrx_word' id='word_1_56' title='bbox 300 2991 453 3054; x_wconf 84' lang='lat' dir='ltr'><strong>heredum</strong></span> <span class='ocrx_word' id='word_1_57' title='bbox 478 2993 616 3056; x_wconf 90' lang='lat' dir='ltr'><strong>condam</strong></span> <span class='ocrx_word' id='word_1_58' title='bbox 650 2995 763 3056; x_wconf 85' lang='lat' dir='ltr'><strong>Berlelr</strong></span> <span class='ocrx_word' id='word_1_59' title='bbox 796 2994 949 3077; x_wconf 76' lang='lat' dir='ltr'><strong>agricole,</strong></span> <span class='ocrx_word' id='word_1_60' title='bbox 981 2996 1020 3056; x_wconf 83' lang='lat' dir='ltr'><strong>ab</strong></span> <span class='ocrx_word' id='word_1_61' title='bbox 1053 2993 1200 3056; x_wconf 72' lang='lat' dir='ltr'><strong>orientali</strong></span> <span class='ocrx_word' id='word_1_62' title='bbox 1233 3009 1332 3077; x_wconf 88' lang='lat' dir='ltr'><strong>parte,</strong></span> <span class='ocrx_word' id='word_1_63' title='bbox 1357 3007 1388 3055; x_wconf 91' lang='lat' dir='ltr'><strong>et</strong></span> <span class='ocrx_word' id='word_1_64' title='bbox 1414 2995 1496 3054; x_wconf 91' lang='lat' dir='ltr'><strong>inter</strong></span> <span class='ocrx_word' id='word_1_65' title='bbox 1520 2992 1563 3054; x_wconf 89' lang='lat' dir='ltr'><strong>le-</strong></span> 
     </span>
     <span class='ocr_line' id='line_1_11' title="bbox 302 3099 1562 3182; baseline -0.001 -22"><span class='ocrx_word' id='word_1_66' title='bbox 302 3099 378 3160; x_wconf 84' lang='lat' dir='ltr'><strong>nilin</strong></span> <span class='ocrx_word' id='word_1_67' title='bbox 397 3113 504 3162; x_wconf 86' lang='lat' dir='ltr'><strong>nostra</strong></span> <span class='ocrx_word' id='word_1_68' title='bbox 528 3102 713 3162; x_wconf 90' lang='lat' dir='ltr'><strong>communia</strong></span> <span class='ocrx_word' id='word_1_69' title='bbox 738 3101 973 3163; x_wconf 83' lang='lat' dir='ltr'><strong>ameridionali</strong></span> <span class='ocrx_word' id='word_1_70' title='bbox 987 3121 1023 3162; x_wconf 94' lang='lat' dir='ltr'><strong>ac</strong></span> <span class='ocrx_word' id='word_1_71' title='bbox 1040 3101 1231 3162; x_wconf 90' lang='lat' dir='ltr'><strong>occidentali</strong></span> <span class='ocrx_word' id='word_1_72' title='bbox 1254 3115 1285 3162; x_wconf 92' lang='lat' dir='ltr'><strong>et</strong></span> <span class='ocrx_word' id='word_1_73' title='bbox 1307 3099 1562 3182; x_wconf 81' lang='lat' dir='ltr'><strong>septemtrionali</strong></span> 
     </span>
     <span class='ocr_line' id='line_1_12' title="bbox 303 3205 1562 3287; baseline 0 -20"><span class='ocrx_word' id='word_1_74' title='bbox 303 3206 456 3287; x_wconf 87' lang='lat' dir='ltr'><strong>partibus,</strong></span> <span class='ocrx_word' id='word_1_75' title='bbox 481 3207 654 3268; x_wconf 83' lang='lat' dir='ltr'><strong>Valentino</strong></span> <span class='ocrx_word' id='word_1_76' title='bbox 668 3208 767 3268; x_wconf 89' lang='lat' dir='ltr'><strong>sutori</strong></span> <span class='ocrx_word' id='word_1_77' title='bbox 785 3207 964 3270; x_wconf 87' lang='lat' dir='ltr'><strong>Valenthek</strong></span> <span class='ocrx_word' id='word_1_78' title='bbox 982 3207 1068 3269; x_wconf 90' lang='lat' dir='ltr'><strong>dicto</strong></span> <span class='ocrx_word' id='word_1_79' title='bbox 1085 3207 1184 3286; x_wconf 87' lang='lat' dir='ltr'><strong>dedit,</strong></span> <span class='ocrx_word' id='word_1_80' title='bbox 1202 3207 1338 3269; x_wconf 90' lang='lat' dir='ltr'><strong>contulit</strong></span> <span class='ocrx_word' id='word_1_81' title='bbox 1355 3219 1386 3268; x_wconf 91' lang='lat' dir='ltr'><strong>et</strong></span> <span class='ocrx_word' id='word_1_82' title='bbox 1403 3205 1562 3287; x_wconf 82' lang='lat' dir='ltr'><strong>inscripsit</strong></span> 
     </span>
     <span class='ocr_line' id='line_1_13' title="bbox 299 3310 1559 3395; baseline 0.001 -23"><span class='ocrx_word' id='word_1_83' title='bbox 299 3310 367 3392; x_wconf 88' lang='lat' dir='ltr'><strong>jure</strong></span> <span class='ocrx_word' id='word_1_84' title='bbox 392 3326 548 3395; x_wconf 91' lang='lat' dir='ltr'><strong>perpetuo</strong></span> <span class='ocrx_word' id='word_1_85' title='bbox 572 3313 632 3375; x_wconf 90' lang='lat' dir='ltr'><strong>sibi</strong></span> <span class='ocrx_word' id='word_1_86' title='bbox 658 3327 689 3376; x_wconf 92' lang='lat' dir='ltr'><strong>et</strong></span> <span class='ocrx_word' id='word_1_87' title='bbox 713 3314 782 3376; x_wconf 91' lang='lat' dir='ltr'><strong>eius</strong></span> <span class='ocrx_word' id='word_1_88' title='bbox 806 3313 988 3392; x_wconf 86' lang='lat' dir='ltr'><strong>heredibus,</strong></span> <span class='ocrx_word' id='word_1_89' title='bbox 1022 3313 1063 3376; x_wconf 87' lang='lat' dir='ltr'><strong>ita</strong></span> <span class='ocrx_word' id='word_1_90' title='bbox 1095 3327 1214 3392; x_wconf 86' lang='lat' dir='ltr'><strong>tamen,</strong></span> <span class='ocrx_word' id='word_1_91' title='bbox 1238 3311 1325 3395; x_wconf 92' lang='lat' dir='ltr'><strong>quod</strong></span> <span class='ocrx_word' id='word_1_92' title='bbox 1352 3313 1418 3395; x_wconf 86' lang='lat' dir='ltr'><strong>ipse</strong></span> <span class='ocrx_word' id='word_1_93' title='bbox 1442 3311 1559 3374; x_wconf 89' lang='lat' dir='ltr'><strong>Valen-</strong></span> 
     </span>
     <span class='ocr_line' id='line_1_14' title="bbox 299 3417 1565 3502; baseline 0.001 -24"><span class='ocrx_word' id='word_1_94' title='bbox 299 3417 395 3496; x_wconf 89' lang='lat' dir='ltr'><strong>tinus,</strong></span> <span class='ocrx_word' id='word_1_95' title='bbox 418 3419 533 3501; x_wconf 89' lang='lat' dir='ltr'><strong>suique</strong></span> <span class='ocrx_word' id='word_1_96' title='bbox 558 3419 692 3482; x_wconf 86' lang='lat' dir='ltr'><strong>heredes</strong></span> <span class='ocrx_word' id='word_1_97' title='bbox 709 3433 740 3482; x_wconf 93' lang='lat' dir='ltr'><strong>et</strong></span> <span class='ocrx_word' id='word_1_98' title='bbox 756 3421 958 3502; x_wconf 84' lang='lat' dir='ltr'><strong>posteritates</strong></span> <span class='ocrx_word' id='word_1_99' title='bbox 974 3421 1115 3484; x_wconf 89' lang='lat' dir='ltr'><strong>universi</strong></span> <span class='ocrx_word' id='word_1_100' title='bbox 1134 3421 1173 3482; x_wconf 91' lang='lat' dir='ltr'><strong>de</strong></span> <span class='ocrx_word' id='word_1_101' title='bbox 1191 3419 1306 3482; x_wconf 93' lang='lat' dir='ltr'><strong>eodem</strong></span> <span class='ocrx_word' id='word_1_102' title='bbox 1331 3417 1420 3482; x_wconf 88' lang='lat' dir='ltr'><strong>lenili</strong></span> <span class='ocrx_word' id='word_1_103' title='bbox 1438 3437 1565 3500; x_wconf 86' lang='lat' dir='ltr'><strong>semper</strong></span> 
     </span>
     <span class='ocr_line' id='line_1_15' title="bbox 299 3525 1565 3609; baseline -0.001 -23"><span class='ocrx_word' id='word_1_104' title='bbox 299 3525 386 3586; x_wconf 90' lang='lat' dir='ltr'><strong>etin</strong></span> <span class='ocrx_word' id='word_1_105' title='bbox 411 3527 499 3588; x_wconf 91' lang='lat' dir='ltr'><strong>omni</strong></span> <span class='ocrx_word' id='word_1_106' title='bbox 524 3546 609 3588; x_wconf 79' lang='lat' dir='ltr'><strong>anno</strong></span> <span class='ocrx_word' id='word_1_107' title='bbox 634 3528 728 3588; x_wconf 87' lang='lat' dir='ltr'><strong>nobis</strong></span> <span class='ocrx_word' id='word_1_108' title='bbox 750 3548 806 3589; x_wconf 91' lang='lat' dir='ltr'><strong>seu</strong></span> <span class='ocrx_word' id='word_1_109' title='bbox 832 3527 1005 3589; x_wconf 87' lang='lat' dir='ltr'><strong>comitibus</strong></span> <span class='ocrx_word' id='word_1_110' title='bbox 1037 3528 1153 3590; x_wconf 88' lang='lat' dir='ltr'><strong>nostris</strong></span> <span class='ocrx_word' id='word_1_111' title='bbox 1178 3527 1340 3609; x_wconf 89' lang='lat' dir='ltr'><strong>perpetuis</strong></span> <span class='ocrx_word' id='word_1_112' title='bbox 1363 3525 1565 3608; x_wconf 89' lang='lat' dir='ltr'><strong>temporibus</strong></span> 
     </span>
     <span class='ocr_line' id='line_1_16' title="bbox 298 3631 1565 3712; baseline -0.002 -17"><span class='ocrx_word' id='word_1_113' title='bbox 298 3648 431 3712; x_wconf 87' lang='lat' dir='ltr'><strong>pensam</strong></span> <span class='ocrx_word' id='word_1_114' title='bbox 456 3652 553 3694; x_wconf 87' lang='lat' dir='ltr'><strong>unam</strong></span> <span class='ocrx_word' id='word_1_115' title='bbox 589 3633 823 3696; x_wconf 88' lang='lat' dir='ltr'><strong>wiennensium</strong></span> <span class='ocrx_word' id='word_1_116' title='bbox 854 3634 929 3696; x_wconf 89' lang='lat' dir='ltr'><strong>dare</strong></span> <span class='ocrx_word' id='word_1_117' title='bbox 962 3649 993 3695; x_wconf 92' lang='lat' dir='ltr'><strong>et</strong></span> <span class='ocrx_word' id='word_1_118' title='bbox 1020 3634 1145 3696; x_wconf 87' lang='lat' dir='ltr'><strong>solvere</strong></span> <span class='ocrx_word' id='word_1_119' title='bbox 1177 3635 1390 3709; x_wconf 89' lang='lat' dir='ltr'><strong>tenebuntur;</strong></span> <span class='ocrx_word' id='word_1_120' title='bbox 1415 3632 1465 3694; x_wconf 89' lang='lat' dir='ltr'><strong>cui</strong></span> <span class='ocrx_word' id='word_1_121' title='bbox 1491 3631 1565 3693; x_wconf 83' lang='lat' dir='ltr'><strong>data</strong></span> 
     </span>
     <span class='ocr_line' id='line_1_17' title="bbox 299 3738 705 3822; baseline 0.005 -23"><span class='ocrx_word' id='word_1_122' title='bbox 299 3751 345 3800; x_wconf 88' lang='lat' dir='ltr'><strong>est</strong></span> <span class='ocrx_word' id='word_1_123' title='bbox 367 3738 459 3800; x_wconf 87' lang='lat' dir='ltr'><strong>litera</strong></span> <span class='ocrx_word' id='word_1_124' title='bbox 483 3739 705 3822; x_wconf 83' lang='lat' dir='ltr'><strong>privilegialis.</strong></span> 
     </span>
    </p>

    <p class='ocr_par' dir='ltr' id='par_1_8' title="bbox 298 3845 1564 4992">
     <span class='ocr_line' id='line_1_18' title="bbox 404 3845 1561 3927; baseline 0.001 -22"><span class='ocrx_word' id='word_1_125' title='bbox 404 3845 503 3919; x_wconf 92' lang='lat' dir='ltr'><strong>Quod</strong></span> <span class='ocrx_word' id='word_1_126' title='bbox 527 3846 602 3927; x_wconf 91' lang='lat' dir='ltr'><strong>quia</strong></span> <span class='ocrx_word' id='word_1_127' title='bbox 628 3847 843 3908; x_wconf 87' lang='lat' dir='ltr'><strong>communitas</strong></span> <span class='ocrx_word' id='word_1_128' title='bbox 860 3847 979 3908; x_wconf 87' lang='lat' dir='ltr'><strong>civium</strong></span> <span class='ocrx_word' id='word_1_129' title='bbox 1003 3846 1140 3908; x_wconf 90' lang='lat' dir='ltr'><strong>civitatis</strong></span> <span class='ocrx_word' id='word_1_130' title='bbox 1158 3845 1440 3926; x_wconf 81' lang='lat' dir='ltr'><strong>Montisgrecensis</strong></span> <span class='ocrx_word' id='word_1_131' title='bbox 1458 3845 1561 3926; x_wconf 93' lang='lat' dir='ltr'><strong>quod-</strong></span> 
     </span>
     <span class='ocr_line' id='line_1_19' title="bbox 300 3950 1564 4034; baseline -0.001 -22"><span class='ocrx_word' id='word_1_132' title='bbox 300 3951 373 4013; x_wconf 78' lang='lat' dir='ltr'><strong>dam</strong></span> <span class='ocrx_word' id='word_1_133' title='bbox 406 3950 503 4014; x_wconf 84' lang='lat' dir='ltr'><strong>senile</strong></span> <span class='ocrx_word' id='word_1_134' title='bbox 536 3953 761 4015; x_wconf 90' lang='lat' dir='ltr'><strong>condicionale</strong></span> <span class='ocrx_word' id='word_1_135' title='bbox 793 3953 824 4014; x_wconf 89' lang='lat' dir='ltr'><strong>in</strong></span> <span class='ocrx_word' id='word_1_136' title='bbox 858 3954 1018 4014; x_wconf 87' lang='lat' dir='ltr'><strong>territorio</strong></span> <span class='ocrx_word' id='word_1_137' title='bbox 1052 3967 1161 4014; x_wconf 87' lang='lat' dir='ltr'><strong>nostro</strong></span> <span class='ocrx_word' id='word_1_138' title='bbox 1194 3972 1250 4014; x_wconf 86' lang='lat' dir='ltr'><strong>seu</strong></span> <span class='ocrx_word' id='word_1_139' title='bbox 1282 3951 1420 4014; x_wconf 89' lang='lat' dir='ltr'><strong>civitatis</strong></span> <span class='ocrx_word' id='word_1_140' title='bbox 1443 3950 1564 4034; x_wconf 83' lang='lat' dir='ltr'><strong>prefate</strong></span> 
     </span>
     <span class='ocr_line' id='line_1_20' title="bbox 299 4055 1562 4142; baseline -0.001 -23"><span class='ocrx_word' id='word_1_141' title='bbox 299 4057 380 4119; x_wconf 89' lang='lat' dir='ltr'><strong>iuter</strong></span> <span class='ocrx_word' id='word_1_142' title='bbox 404 4055 503 4120; x_wconf 90' lang='lat' dir='ltr'><strong>lenile</strong></span> <span class='ocrx_word' id='word_1_143' title='bbox 527 4059 675 4122; x_wconf 88' lang='lat' dir='ltr'><strong>similiter</strong></span> <span class='ocrx_word' id='word_1_144' title='bbox 698 4059 923 4122; x_wconf 82' lang='lat' dir='ltr'><strong>condicionale</strong></span> <span class='ocrx_word' id='word_1_145' title='bbox 941 4059 1107 4142; x_wconf 89' lang='lat' dir='ltr'><strong>prudentis</strong></span> <span class='ocrx_word' id='word_1_146' title='bbox 1132 4073 1162 4120; x_wconf 88' lang='lat' dir='ltr'><strong>et</strong></span> <span class='ocrx_word' id='word_1_147' title='bbox 1179 4058 1304 4121; x_wconf 89' lang='lat' dir='ltr'><strong>honesti</strong></span> <span class='ocrx_word' id='word_1_148' title='bbox 1330 4059 1388 4120; x_wconf 89' lang='lat' dir='ltr'><strong>viri</strong></span> <span class='ocrx_word' id='word_1_149' title='bbox 1414 4059 1562 4140; x_wconf 90' lang='lat' dir='ltr'><strong>(Fabiani</strong></span> 
     </span>
     <span class='ocr_line' id='line_1_21' title="bbox 299 4162 1564 4248; baseline 0 -23"><span class='ocrx_word' id='word_1_150' title='bbox 299 4162 368 4243; x_wconf 90' lang='lat' dir='ltr'><strong>filii)</strong></span> <span class='ocrx_word' id='word_1_151' title='bbox 392 4165 531 4243; x_wconf 89' lang='lat' dir='ltr'><strong>Martini,</strong></span> <span class='ocrx_word' id='word_1_152' title='bbox 557 4167 703 4227; x_wconf 91' lang='lat' dir='ltr'><strong>moderni</strong></span> <span class='ocrx_word' id='word_1_153' title='bbox 729 4167 843 4246; x_wconf 89' lang='lat' dir='ltr'><strong>judicis</strong></span> <span class='ocrx_word' id='word_1_154' title='bbox 872 4166 1078 4248; x_wconf 90' lang='lat' dir='ltr'><strong>concivisque</strong></span> <span class='ocrx_word' id='word_1_155' title='bbox 1112 4165 1223 4244; x_wconf 92' lang='lat' dir='ltr'><strong>nostri,</strong></span> <span class='ocrx_word' id='word_1_156' title='bbox 1247 4185 1264 4226; x_wconf 87' lang='lat' dir='ltr'><strong>n</strong></span> <span class='ocrx_word' id='word_1_157' title='bbox 1288 4179 1377 4247; x_wconf 87' lang='lat' dir='ltr'><strong>pnrte</strong></span> <span class='ocrx_word' id='word_1_158' title='bbox 1403 4163 1564 4242; x_wconf 88' lang='lat' dir='ltr'><strong>orientali,</strong></span> 
     </span>
     <span class='ocr_line' id='line_1_22' title="bbox 299 4269 1558 4355; baseline 0.001 -23"><span class='ocrx_word' id='word_1_159' title='bbox 299 4284 329 4332; x_wconf 88' lang='lat' dir='ltr'><strong>et</strong></span> <span class='ocrx_word' id='word_1_160' title='bbox 352 4271 433 4332; x_wconf 92' lang='lat' dir='ltr'><strong>inter</strong></span> <span class='ocrx_word' id='word_1_161' title='bbox 457 4269 554 4334; x_wconf 88' lang='lat' dir='ltr'><strong>fenile</strong></span> <span class='ocrx_word' id='word_1_162' title='bbox 579 4291 635 4334; x_wconf 92' lang='lat' dir='ltr'><strong>seu</strong></span> <span class='ocrx_word' id='word_1_163' title='bbox 660 4274 807 4335; x_wconf 89' lang='lat' dir='ltr'><strong>rubetum</strong></span> <span class='ocrx_word' id='word_1_164' title='bbox 835 4287 942 4334; x_wconf 88' lang='lat' dir='ltr'><strong>nostre</strong></span> <span class='ocrx_word' id='word_1_165' title='bbox 966 4273 1218 4350; x_wconf 87' lang='lat' dir='ltr'><strong>communitatis,</strong></span> <span class='ocrx_word' id='word_1_166' title='bbox 1250 4293 1267 4334; x_wconf 89' lang='lat' dir='ltr'><strong>a</strong></span> <span class='ocrx_word' id='word_1_167' title='bbox 1293 4286 1380 4355; x_wconf 84' lang='lat' dir='ltr'><strong>parte</strong></span> <span class='ocrx_word' id='word_1_168' title='bbox 1406 4272 1558 4334; x_wconf 90' lang='lat' dir='ltr'><strong>meridio-</strong></span> 
     </span>
     <span class='ocr_line' id='line_1_23' title="bbox 299 4377 1563 4462; baseline 0.002 -25"><span class='ocrx_word' id='word_1_169' title='bbox 299 4377 375 4454; x_wconf 86' lang='lat' dir='ltr'><strong>nnli,</strong></span> <span class='ocrx_word' id='word_1_170' title='bbox 400 4391 430 4438; x_wconf 89' lang='lat' dir='ltr'><strong>et</strong></span> <span class='ocrx_word' id='word_1_171' title='bbox 455 4377 537 4439; x_wconf 89' lang='lat' dir='ltr'><strong>inter</strong></span> <span class='ocrx_word' id='word_1_172' title='bbox 562 4379 710 4440; x_wconf 91' lang='lat' dir='ltr'><strong>rubetum</strong></span> <span class='ocrx_word' id='word_1_173' title='bbox 736 4393 766 4440; x_wconf 88' lang='lat' dir='ltr'><strong>et</strong></span> <span class='ocrx_word' id='word_1_174' title='bbox 794 4379 928 4441; x_wconf 89' lang='lat' dir='ltr'><strong>fluvium</strong></span> <span class='ocrx_word' id='word_1_175' title='bbox 961 4393 1106 4462; x_wconf 87' lang='lat' dir='ltr'><strong>tempore</strong></span> <span class='ocrx_word' id='word_1_176' title='bbox 1139 4379 1365 4440; x_wconf 82' lang='lat' dir='ltr'><strong>inundationis</strong></span> <span class='ocrx_word' id='word_1_177' title='bbox 1390 4379 1484 4440; x_wconf 82' lang='lat' dir='ltr'><strong>Zewe</strong></span> <span class='ocrx_word' id='word_1_178' title='bbox 1510 4379 1563 4440; x_wconf 92' lang='lat' dir='ltr'><strong>de·</strong></span> 
     </span>
     <span class='ocr_line' id='line_1_24' title="bbox 299 4483 1562 4568; baseline 0.002 -25"><span class='ocrx_word' id='word_1_179' title='bbox 299 4495 490 4562; x_wconf 89' lang='lat' dir='ltr'><strong>currentem,</strong></span> <span class='ocrx_word' id='word_1_180' title='bbox 514 4483 662 4546; x_wconf 89' lang='lat' dir='ltr'><strong>similiter</strong></span> <span class='ocrx_word' id='word_1_181' title='bbox 679 4485 921 4548; x_wconf 90' lang='lat' dir='ltr'><strong>communitatis</strong></span> <span class='ocrx_word' id='word_1_182' title='bbox 938 4501 1046 4548; x_wconf 89' lang='lat' dir='ltr'><strong>nostre</strong></span> <span class='ocrx_word' id='word_1_183' title='bbox 1070 4507 1087 4547; x_wconf 81' lang='lat' dir='ltr'><strong>a</strong></span> <span class='ocrx_word' id='word_1_184' title='bbox 1105 4499 1193 4568; x_wconf 82' lang='lat' dir='ltr'><strong>parte</strong></span> <span class='ocrx_word' id='word_1_185' title='bbox 1211 4485 1415 4564; x_wconf 89' lang='lat' dir='ltr'><strong>occidentali,</strong></span> <span class='ocrx_word' id='word_1_186' title='bbox 1440 4505 1457 4546; x_wconf 89' lang='lat' dir='ltr'><strong>a</strong></span> <span class='ocrx_word' id='word_1_187' title='bbox 1474 4499 1562 4567; x_wconf 82' lang='lat' dir='ltr'><strong>perte</strong></span> 
     </span>
     <span class='ocr_line' id='line_1_25' title="bbox 298 4589 1562 4681; baseline 0.002 -32"><span class='ocrx_word' id='word_1_188' title='bbox 298 4608 373 4650; x_wconf 92' lang='lat' dir='ltr'><strong>vero</strong></span> <span class='ocrx_word' id='word_1_189' title='bbox 397 4590 650 4670; x_wconf 88' lang='lat' dir='ltr'><strong>septemtrionali</strong></span> <span class='ocrx_word' id='word_1_190' title='bbox 677 4589 775 4652; x_wconf 88' lang='lat' dir='ltr'><strong>fenile</strong></span> <span class='ocrx_word' id='word_1_191' title='bbox 807 4592 933 4673; x_wconf 88' lang='lat' dir='ltr'><strong>providi</strong></span> <span class='ocrx_word' id='word_1_192' title='bbox 966 4605 997 4654; x_wconf 93' lang='lat' dir='ltr'><strong>et</strong></span> <span class='ocrx_word' id='word_1_193' title='bbox 1026 4592 1150 4653; x_wconf 88' lang='lat' dir='ltr'><strong>honesti</strong></span> <span class='ocrx_word' id='word_1_194' title='bbox 1183 4592 1242 4652; x_wconf 93' lang='lat' dir='ltr'><strong>viri</strong></span> <span class='ocrx_word' id='word_1_195' title='bbox 1277 4590 1409 4681; x_wconf 83' lang='lat' dir='ltr'><strong>Georgii</strong></span> <span class='ocrx_word' id='word_1_196' title='bbox 1434 4592 1562 4670; x_wconf 91' lang='lat' dir='ltr'><strong>sutoris,</strong></span> 
     </span>
     <span class='ocr_line' id='line_1_26' title="bbox 298 4694 1561 4779; baseline 0.002 -24"><span class='ocrx_word' id='word_1_197' title='bbox 298 4695 432 4756; x_wconf 88' lang='lat' dir='ltr'><strong>senioris</strong></span> <span class='ocrx_word' id='word_1_198' title='bbox 454 4694 549 4776; x_wconf 83' lang='lat' dir='ltr'><strong>jurati</strong></span> <span class='ocrx_word' id='word_1_199' title='bbox 574 4710 605 4758; x_wconf 90' lang='lat' dir='ltr'><strong>et</strong></span> <span class='ocrx_word' id='word_1_200' title='bbox 630 4697 771 4759; x_wconf 87' lang='lat' dir='ltr'><strong>concivis</strong></span> <span class='ocrx_word' id='word_1_201' title='bbox 797 4699 908 4777; x_wconf 89' lang='lat' dir='ltr'><strong>nostri,</strong></span> <span class='ocrx_word' id='word_1_202' title='bbox 932 4698 1081 4760; x_wconf 89' lang='lat' dir='ltr'><strong>similiter</strong></span> <span class='ocrx_word' id='word_1_203' title='bbox 1108 4698 1343 4776; x_wconf 90' lang='lat' dir='ltr'><strong>condicionale,</strong></span> <span class='ocrx_word' id='word_1_204' title='bbox 1368 4697 1505 4779; x_wconf 93' lang='lat' dir='ltr'><strong>provido</strong></span> <span class='ocrx_word' id='word_1_205' title='bbox 1530 4711 1561 4758; x_wconf 86' lang='lat' dir='ltr'><strong>et</strong></span> 
     </span>
     <span class='ocr_line' id='line_1_27' title="bbox 299 4801 1562 4885; baseline 0.003 -24"><span class='ocrx_word' id='word_1_206' title='bbox 299 4801 432 4864; x_wconf 90' lang='lat' dir='ltr'><strong>honesto</strong></span> <span class='ocrx_word' id='word_1_207' title='bbox 456 4802 525 4863; x_wconf 89' lang='lat' dir='ltr'><strong>viro</strong></span> <span class='ocrx_word' id='word_1_208' title='bbox 551 4803 671 4865; x_wconf 88' lang='lat' dir='ltr'><strong>Jacobo</strong></span> <span class='ocrx_word' id='word_1_209' title='bbox 695 4803 762 4865; x_wconf 91' lang='lat' dir='ltr'><strong>filio</strong></span> <span class='ocrx_word' id='word_1_210' title='bbox 796 4805 906 4883; x_wconf 90' lang='lat' dir='ltr'><strong>Vlrici,</strong></span> <span class='ocrx_word' id='word_1_211' title='bbox 937 4805 1056 4866; x_wconf 87' lang='lat' dir='ltr'><strong>seniori</strong></span> <span class='ocrx_word' id='word_1_212' title='bbox 1089 4804 1187 4885; x_wconf 85' lang='lat' dir='ltr'><strong>judici</strong></span> <span class='ocrx_word' id='word_1_213' title='bbox 1222 4820 1251 4866; x_wconf 89' lang='lat' dir='ltr'><strong>et</strong></span> <span class='ocrx_word' id='word_1_214' title='bbox 1283 4803 1407 4866; x_wconf 90' lang='lat' dir='ltr'><strong>concivi</strong></span> <span class='ocrx_word' id='word_1_215' title='bbox 1441 4818 1562 4882; x_wconf 89' lang='lat' dir='ltr'><strong>nostro,</strong></span> 
     </span>
     <span class='ocr_line' id='line_1_28' title="bbox 299 4909 1563 4992; baseline 0.003 -26"><span class='ocrx_word' id='word_1_216' title='bbox 299 4925 333 4967; x_wconf 84' lang='lat' dir='ltr'><strong>ac</strong></span> <span class='ocrx_word' id='word_1_217' title='bbox 357 4927 412 4988; x_wconf 91' lang='lat' dir='ltr'><strong>per</strong></span> <span class='ocrx_word' id='word_1_218' title='bbox 436 4927 510 4970; x_wconf 90' lang='lat' dir='ltr'><strong>eum</strong></span> <span class='ocrx_word' id='word_1_219' title='bbox 534 4909 600 4971; x_wconf 89' lang='lat' dir='ltr'><strong>suis</strong></span> <span class='ocrx_word' id='word_1_220' title='bbox 624 4909 796 4972; x_wconf 90' lang='lat' dir='ltr'><strong>heredibus</strong></span> <span class='ocrx_word' id='word_1_221' title='bbox 820 4911 969 4972; x_wconf 89' lang='lat' dir='ltr'><strong>dedimus</strong></span> <span class='ocrx_word' id='word_1_222' title='bbox 994 4927 1024 4973; x_wconf 90' lang='lat' dir='ltr'><strong>et</strong></span> <span class='ocrx_word' id='word_1_223' title='bbox 1057 4912 1252 4972; x_wconf 91' lang='lat' dir='ltr'><strong>contulimus</strong></span> <span class='ocrx_word' id='word_1_224' title='bbox 1276 4931 1311 4972; x_wconf 88' lang='lat' dir='ltr'><strong>ac</strong></span> <span class='ocrx_word' id='word_1_225' title='bbox 1337 4909 1563 4992; x_wconf 88' lang='lat' dir='ltr'><strong>inscripsimus</strong></span> 
     </span>
    </p>
   </div>
   <div class='ocr_carea' id='block_1_5' title="bbox 299 5011 1561 5104">
    <p class='ocr_par' dir='ltr' id='par_1_9' title="bbox 299 5011 1561 5104">
     <span class='ocr_line' id='line_1_29' title="bbox 299 5011 1561 5104; baseline 0.01 -32"><span class='ocrx_word' id='word_1_226' title='bbox 299 5011 364 5096; x_wconf 84' lang='lat' dir='ltr'><strong>jure</strong></span> <span class='ocrx_word' id='word_1_227' title='bbox 389 5029 556 5100; x_wconf 86' lang='lat' dir='ltr'><strong>perpetuo,</strong></span> <span class='ocrx_word' id='word_1_228' title='bbox 582 5016 623 5079; x_wconf 87' lang='lat' dir='ltr'><strong>ita</strong></span> <span class='ocrx_word' id='word_1_229' title='bbox 641 5031 759 5100; x_wconf 83' lang='lat' dir='ltr'><strong>tamen,</strong></span> <span class='ocrx_word' id='word_1_230' title='bbox 783 5018 872 5104; x_wconf 89' lang='lat' dir='ltr'><strong>quod</strong></span> <span class='ocrx_word' id='word_1_231' title='bbox 891 5019 958 5103; x_wconf 87' lang='lat' dir='ltr'><strong>ipse</strong></span> <span class='ocrx_word' id='word_1_232' title='bbox 976 5020 1124 5098; x_wconf 83' lang='lat' dir='ltr'><strong>lacobus,</strong></span> <span class='ocrx_word' id='word_1_233' title='bbox 1142 5019 1257 5102; x_wconf 90' lang='lat' dir='ltr'><strong>suique</strong></span> <span class='ocrx_word' id='word_1_234' title='bbox 1286 5017 1422 5080; x_wconf 88' lang='lat' dir='ltr'><strong>heredes</strong></span> <span class='ocrx_word' id='word_1_235' title='bbox 1447 5029 1477 5082; x_wconf 89' lang='lat' dir='ltr'><strong>et</strong></span> <span class='ocrx_word' id='word_1_236' title='bbox 1493 5037 1561 5085; x_wconf 82' lang='lat' dir='ltr'><strong>suc-</strong></span> 
     </span>
    </p>
   </div>
   <div class='ocr_carea' id='block_1_6' title="bbox 0 0 1910 5806">
    <p class='ocr_par' dir='ltr' id='par_1_10' title="bbox 0 0 1910 5806">
     <span class='ocr_line' id='line_1_30' title="bbox 0 0 1910 5806; baseline 0 1"><span class='ocrx_word' id='word_1_237' title='bbox 0 0 1910 5806; x_wconf 95' lang='lat' dir='ltr'><strong> </strong></span> 
     </span>
    </p>
   </div>
  </div>
 </body>
</html>
