3804 5798
794 523 980 588 Inventarta.

352 737 432 801 Item
456 758 510 798 sex
534 737 714 828 corporalia
739 758 813 800 cum
838 738 1002 802 custodiis.

355 845 429 908 Una
453 845 586 928 lampas.

356 952 430 1013 Duo
454 950 590 1012 armaria
614 950 655 1012 ad
679 951 866 1016 sacristiam.

355 1058 428 1121 Una
452 1077 562 1120 mensa
587 1056 628 1120 ad
652 1058 838 1126 sacristiam.

356 1165 430 1228 Duo
454 1185 529 1228 vasa
554 1165 620 1227 vini
645 1184 704 1247 pro
728 1165 834 1227 fienda
859 1185 922 1227 una
951 1184 1051 1247 cappa
1077 1164 1116 1228 de
1141 1165 1217 1227 albo
1241 1185 1322 1231 raso,

589 1378 647 1440 Ad
679 1391 869 1442 sanctum
895 1378 1174 1442 Leonardum.

362 1522 435 1585 Una
458 1517 623 1603 tertura(?)
648 1521 829 1604 pulvinaria
852 1519 892 1582 de
917 1519 1027 1603 kythel
1052 1519 1092 1582 ad
1117 1540 1204 1582 aram
1228 1540 1287 1602 pro
1312 1540 1438 1604 mappa.

356 1628 396 1691 ad
421 1629 518 1690 aliam
543 1647 630 1690 aram
655 1647 756 1689 unum
782 1627 936 1692 mensale.

250 1839 1516 1924 AntiquuminventariumipsiuspreposituredeAbbacia,

251 1949 461 2011 similiter
485 1947 620 2011 eidem
654 1947 827 2010 domino
860 1947 1026 2008 Andree
1058 1947 1264 2030 episcopo
1288 1946 1516 2008 rosonensi

734 2067 1037 2137 presentatum.

360 2144 430 2206 Due
454 2161 576 2206 mense.

361 2249 469 2314 Unum
494 2249 644 2332 pulvinar
667 2249 732 2310 vile
756 2248 988 2331 rum'sponda.

360 2357 470 2420 Unum
495 2355 669 2417 armarium
693 2355 806 2438 parieti
832 2355 1004 2420 inclusum.

360 2463 521 2538 Quattuor
545 2481 696 2545 scampna
720 2462 803 2524 circa
828 2481 971 2523 mensam
997 2473 1029 2523 et
1051 2479 1152 2522 unum
1177 2481 1313 2544 parvum
1338 2460 1450 2525 sedile.

359 2569 521 2643 Quattuor
545 2569 620 2631 ciste
644 2568 776 2650 antique
802 2568 939 2630 maiores
963 2580 993 2628 et
1017 2566 1169 2630 minores.

362 2675 503 2739 Scutelle
526 2676 634 2757 lignee
658 2675 796 2738 maiores
819 2689 850 2737 et
874 2675 1016 2736 minores
1032 2673 1185 2736 tredecim
1211 2687 1242 2735 et
1266 2693 1329 2734 una
1353 2673 1517 2756 plumbea.

358 2785 437 2847 ltem
477 2784 640 2867 simplices
679 2783 757 2846 disci
799 2783 897 2864 lignei
933 2782 1186 2864 quinquaginta,
1226 2780 1382 2843 coclearia
1421 2801 1517 2864 parva

253 2893 360 2974 lignea
386 2891 509 2969 decem,
534 2905 564 2952 et
581 2890 703 2952 maiora
727 2890 786 2952 tria
811 2904 842 2952 et
858 2908 958 2951 unum
985 2887 1122 2950 ferreum
1140 2888 1266 2950 coclear
1289 2907 1347 2970 pro
1371 2889 1520 2969 coquina.

361 2997 480 3060 Veruta
504 2995 607 3059 ferrea
632 2995 708 3060 du0.

360 3106 453 3169 Unus
465 3105 603 3166 circulus
618 3103 740 3167 ferreus
753 3124 811 3187 pro
825 3105 1061 3167 sustentacione
1078 3103 1212 3167 scutelle
1222 3103 1254 3164 in
1272 3120 1392 3179 mensa,
1406 3101 1520 3164 bonus.

361 3227 391 3277 et
415 3211 575 3276 secundus
599 3211 735 3294 ligneus.

365 3320 476 3383 Unum
501 3318 639 3381 ferreum
667 3339 726 3402 pro
751 3319 986 3382 sustentacione
1010 3318 1128 3402 patelle
1153 3319 1186 3380 in
1210 3337 1331 3380 mensa.

361 3428 472 3491 Unum
497 3425 615 3488 ferrum
640 3445 699 3509 pro
723 3426 879 3508 pistandis
903 3425 1020 3488 oblatis
1044 3426 1095 3488 vel
1119 3425 1241 3490 hostiis.

362 3533 527 3614 Maniceps
550 3531 690 3594 ferreum
714 3551 815 3594 unum
840 3545 872 3594 et
895 3533 1063 3614 antiquum
1088 3531 1173 3615 apud
1198 3533 1316 3613 ignem.

362 3639 440 3702 ltem
465 3639 605 3702 caldaria
629 3639 704 3704 duo,

363 3747 436 3810 Una
461 3746 541 3808 idria
566 3766 639 3808 cum
664 3766 728 3808 una
752 3745 860 3831 thyna.

364 3854 436 3917 Una
460 3851 563 3936 pelvis
587 3873 703 3936 cuprea
729 3855 825 3932 bona,
850 3872 947 3936 quam
972 3853 1109 3916 restituit
1134 3853 1285 3916 dominus
1310 3852 1464 3916 Bradach.

367 3961 475 4023 Unum
500 3959 694 4023 lavatorium
719 3961 758 4022 de
784 3981 836 4022 ere
862 3979 1008 4042 parvum.

364 4068 476 4131 Unum
500 4066 716 4129 ventilabrum
733 4067 870 4150 simplex
888 4081 918 4129 et
935 4086 998 4128 una
1015 4065 1130 4128 faretra
1148 4067 1260 4128 baliste
1277 4065 1372 4149 plena
1389 4066 1522 4146 sagittis.

366 4175 476 4238 Unum
499 4174 715 4236 ventilabrum
740 4187 831 4235 vetus
855 4172 895 4235 ad
920 4192 1018 4234 unam
1046 4192 1179 4234 manum
1203 4173 1278 4235 satis
1302 4175 1434 4237 bonum.

365 4281 475 4344 Unum
499 4281 687 4343 mortarium
711 4282 855 4362 ligneum
880 4294 980 4344 vetus.

365 4389 439 4452 Una
462 4387 581 4449 securis
604 4387 645 4450 ad
669 4387 806 4450 secanda
829 4388 916 4468 ligna
941 4399 972 4448 et
995 4387 1062 4468 ligo
1086 4406 1159 4451 una.

365 4494 444 4557 ltem
467 4494 527 4556 tria
550 4514 624 4557 vasa
648 4514 748 4556 vacua
780 4494 903 4556 maiora
938 4507 968 4556 et
1001 4513 1103 4555 unum
1136 4493 1301 4555 vasculum
1334 4511 1467 4575 parvum
1493 4504 1523 4552 et

261 4621 326 4665 una
350 4600 435 4663 scala
464 4620 592 4683 magna.

368 4707 476 4770 Unum
502 4708 674 4769 armarium
701 4707 789 4789 quod
814 4708 950 4769 restituit
974 4706 1125 4768 dominus
1150 4705 1305 4768 Bradach.

369 4815 449 4876 Tres
473 4815 605 4877 scutelle
630 4835 744 4896 magne
770 4815 922 4896 plumbeo
947 4833 1025 4895 quas
1050 4814 1135 4874 idem
1161 4813 1308 4875 restituit.

369 4921 559 4984 Mortarium
584 4940 738 5004 cupreum
763 4919 850 5002 quod
877 4919 962 4980 idem
986 4919 1132 4981 restituit.
