3810 5806
774 575 959 635 luventatis.
1448 595 1508 658 127

348 789 426 852 item
451 809 514 851 uua
539 788 648 852 casula
680 788 721 849 de
753 785 864 850 veluto
896 786 971 848 albo
1004 785 1141 869 figurato
1173 807 1245 850 cum
1279 788 1412 851 floribus
1435 789 1507 850 viri·

242 897 349 977 dibus,
373 895 473 978 nigris
496 909 528 959 et
551 894 671 974 rubeis,
687 913 760 956 curn
779 913 872 956 cruce
897 907 992 972 retro,
1010 891 1188 955 aurifrisata
1206 914 1280 957 cum
1303 897 1508 979 ymaginibus

242 1004 294 1066 dei
318 1004 426 1086 patris,
459 1004 551 1065 beate
583 1002 727 1084 uirginis,
760 1001 891 1062 cimeria
923 1015 954 1062 et
985 1000 1082 1061 armis
1114 1001 1196 1081 regis
1229 1001 1388 1064 Lodouici
1413 1017 1444 1064 et
1467 1005 1507 1064 ab

241 1125 315 1173 ante
341 1129 414 1172 cum
439 1109 504 1172 alio
528 1108 662 1170 cimerio
687 1107 770 1190 regis
802 1107 960 1169 Lodouici
994 1119 1025 1168 et
1052 1107 1149 1168 armis
1180 1106 1249 1168 eius
1274 1107 1304 1168 in
1331 1106 1506 1189 longitudi-

241 1236 328 1295 nem,
352 1235 425 1278 curn
451 1216 622 1277 dalmatica
647 1227 678 1276 et
700 1213 806 1275 stricta
832 1213 975 1274 eiusdem
996 1213 1139 1292 materie,
1164 1213 1319 1276 subducte
1344 1233 1415 1276 cum
1434 1233 1506 1276 cen-

242 1323 318 1386 dato
334 1323 446 1402 rubeo,
463 1340 522 1405 pro
539 1321 646 1383 anima
664 1320 797 1382 domine
815 1319 917 1381 Marie
934 1319 1043 1400 regine
1061 1339 1117 1401 per
1134 1319 1303 1382 dominum
1327 1319 1506 1382 lohannem

241 1431 429 1512 episcopum
455 1427 495 1490 de
521 1427 642 1509 Scepus
666 1439 845 1509 procurata.

346 1535 424 1597 Item
448 1554 511 1596 una
537 1534 642 1595 casula
667 1532 707 1594 de
731 1532 841 1594 veluto
863 1531 953 1613 grisii
978 1531 1106 1609 coloris,
1138 1551 1212 1593 cum
1237 1547 1326 1613 parta
1351 1553 1446 1596 aurea
1472 1536 1503 1596 in

240 1642 375 1704 modum
392 1641 505 1719 crucis,
521 1654 551 1702 et
564 1653 637 1701 ante
655 1640 865 1722 perlongum,
883 1657 956 1700 cum
967 1637 1136 1700 dalmatica
1162 1653 1192 1699 et
1216 1619 1326 1701 subtili
1340 1641 1502 1704 decadem

239 1747 372 1810 materia
395 1765 469 1810 cum
493 1747 590 1828 partis
613 1745 743 1808 aureitis
767 1745 934 1824 decoratis,
957 1745 1113 1806 subducte
1138 1763 1210 1806 cum
1236 1745 1329 1806 viridi
1355 1747 1504 1809 cendato.

345 1852 424 1915 ltem
449 1873 512 1915 uua
537 1852 645 1914 casula
669 1851 708 1914 de
732 1870 841 1934 panno
871 1851 985 1913 siriceo
1017 1853 1129 1930 rubeo,
1154 1871 1227 1912 curn
1252 1867 1339 1933 parta
1365 1869 1449 1916 retro
1474 1867 1505 1916 et

240 1973 316 2022 aute
340 1979 397 2042 ρετ
421 1959 555 2022 modum
580 1959 692 2036 crucis,
716 1957 871 2020 subducta
896 1978 971 2020 cum
995 1958 1132 2020 sindone
1156 1958 1243 2022 albo.

302 2117 306 2125 .
346 2067 423 2129 ltem
448 2087 510 2130 una
536 2067 598 2128 alia
623 2065 731 2158 casula
756 2065 795 2126 de
820 2067 922 2128 serico
956 2065 1061 2144 viridi,
1087 2085 1159 2127 cunr
1186 2064 1276 2128 frisio
1300 2086 1409 2146 aureo,
1433 2068 1503 2130 siue

239 2187 340 2256 parta,
364 2186 449 2235 retro
473 2191 529 2256 per
553 2171 687 2235 modum
713 2171 815 2233 crucis
839 2184 965 2234 etanta
990 2191 1047 2254 per
1079 2171 1225 2254 longum,
1249 2172 1406 2234 subducta
1430 2192 1503 2235 cum

239 2281 369 2344 cindato
391 2283 502 2344 rubeo.

345 2387 422 2450 ltem
447 2387 510 2450 alia
534 2387 641 2450 casula
665 2387 703 2448 de
729 2401 894 2449 camocato
912 2386 1075 2466 deaurato,
1101 2384 1141 2448 ad
1166 2383 1283 2466 figuras
1306 2385 1438 2447 leonum
1456 2386 1496 2446 de

242 2514 323 2558 auro
347 2508 378 2556 et
413 2493 493 2556 listis
527 2513 584 2576 per
619 2492 946 2576 longumcontexn,
979 2512 1050 2555 cum
1083 2492 1186 2555 iriseis
1217 2491 1322 2554 aureis
1360 2505 1444 2554 retro
1469 2493 1500 2554 io

241 2600 375 2664 modum
400 2601 502 2662 crucis
526 2614 556 2662 et
573 2613 646 2660 ante
671 2599 890 2686 penlqngum,
907 2600 1063 2662 subducta
1080 2619 1154 2662 cum
1177 2599 1239 2661 tela
1258 2599 1355 2660 blavii
1374 2599 1501 2661 coloris.

347 2707 423 2769 ltem
450 2726 513 2769 una
537 2707 644 2768 casula
671 2705 709 2767 de
734 2706 915 2775 cbatnalato
931 2709 1043 2786 rubeo,
1069 2709 1189 2769 babens
1217 2725 1343 2768 crucem
1369 2726 1386 2767 a
1411 2721 1494 2768 retro

238 2815 345 2876 albam
371 2827 403 2875 et
425 2827 499 2875 ante
523 2833 579 2896 ρετ
602 2813 747 2895 longum.

343 2920 421 2983 Item
446 2921 509 2982 alia
533 2920 640 2982 casula
663 2921 761 2982 rubea
786 2919 826 2980 de
850 2919 1030 2985 chamelato
1047 2920 1168 2982 babens
1185 2935 1257 2982 ante
1281 2935 1311 2982 et
1335 2935 1420 2983 retro
1439 2939 1495 3002 per

236 3028 372 3109 longum
398 3040 503 3109 partas
527 3026 685 3108 antiquas.

343 3134 420 3196 ltem
446 3133 508 3195 due
532 3133 639 3195 stricte
662 3133 767 3214 glauci
793 3131 921 3212 coloris,
943 3133 1085 3214 antique.

343 3241 420 3304 ltetn
446 3261 508 3302 una
525 3240 586 3302 alia
603 3241 710 3302 casula
735 3239 774 3301 de
791 3239 971 3302 chamaleto
989 3239 1104 3318 flaveo,
1128 3239 1283 3302 subducta
1308 3259 1380 3302 curn
1398 3240 1499 3302 serico

235 3347 342 3426 viridi,
365 3365 422 3430 per
445 3346 616 3408 dominum
642 3346 840 3429 Stephanum
866 3347 1008 3409 Farlrasii
1034 3347 1225 3410 canonicum
1250 3347 1380 3410 donata.

472 3523 676 3605 Sequitur
707 3523 996 3586 inventarium
1029 3543 1265 3606 capparum.

344 3663 451 3726 Primo
477 3665 605 3727 inventa
630 3677 677 3727 est
700 3685 763 3727 una
788 3685 888 3748 cappa
920 3665 960 3728 de
992 3665 1102 3729 veluto
1134 3667 1246 3745 rubeo,
1271 3667 1391 3728 babens
1415 3668 1497 3729 auri·

236 3769 359 3832 frisium
385 3770 486 3832 latum
510 3783 541 3833 et
564 3771 698 3832 diversis
722 3773 928 3854 ymaginibus
951 3787 1134 3836 sanctorum
1160 3787 1354 3836 contextam.

277 3955 279 3960 ι
342 3877 419 3938 ltem
445 3876 508 3938 alia
533 3897 635 3960 cappa
668 3878 707 3939 de
741 3878 904 3958 damasco,
935 3899 1016 3962 puro
1042 3899 1120 3942 auro
1154 3894 1301 3942 contexta
1326 3881 1356 3942 in
1383 3900 1497 3963 campo

236 3983 362 4062 blaveo,
386 3983 483 4045 viridi
507 3997 538 4046 et
561 3985 673 4064 rubeo,
699 3984 730 4046 in
752 3999 842 4067 parte
858 3985 1015 4068 superiori
1040 4005 1112 4048 cum
1139 3988 1240 4048 rubeo
1263 3986 1399 4048 cendato
1423 3989 1495 4049 sub-

235 4089 342 4168 ducta,
366 4089 484 4152 donata
508 4109 564 4172 ρετ
588 4091 732 4173 reginam
757 4092 928 4155 seniorem.

341 4194 418 4256 ltem
442 4195 538 4257 aliam
563 4215 697 4278 cappam
724 4217 801 4259 auro
834 4212 1014 4260 contextam
1040 4217 1096 4280 per
1124 4212 1240 4278 toturn,
1264 4199 1373 4260 subtili
1398 4219 1495 4280 opere

235 4299 362 4380 factam,
386 4299 535 4362 albedine
561 4302 704 4380 mixtam,
729 4301 850 4365 habens
881 4304 1076 4367 aurifrisium
1101 4305 1235 4386 longum
1261 4321 1292 4368 et
1315 4307 1496 4387 antiquum,

233 4407 386 4470 donatam
410 4427 467 4490 per
490 4407 659 4470 dominum
684 4409 821 4472 condam
848 4411 1017 4473 Nicolaum
1042 4413 1240 4494 episcopum.

342 4513 418 4576 ltem
445 4513 507 4576 alia
533 4534 632 4597 cappa
657 4535 729 4576 cum
754 4515 915 4580 aurifrisio
944 4519 1089 4600 antique,
1106 4519 1275 4581 continens
1300 4519 1330 4580 in
1356 4537 1388 4580 se
1406 4539 1493 4602 yma·

232 4621 323 4702 gines
347 4621 454 4700 avium
479 4641 574 4683 aurea
598 4621 700 4704 capita
725 4621 889 4700 babentes,
914 4625 1035 4706 absque
1061 4625 1267 4686 subductura.

339 4725 417 4788 ltem
442 4727 503 4788 alia
528 4746 628 4808 cappa
653 4727 725 4788 alba
751 4747 824 4788 curn
849 4729 975 4790 meliori
994 4729 1165 4808 aurifrisio,
1183 4731 1304 4792 habens
1328 4731 1494 4813 ymagines

234 4833 367 4914 aquilla,
385 4832 449 4894 duo
468 4833 571 4915 capita
589 4853 685 4896 aurea
702 4855 804 4896 unum
823 4855 938 4918 corpus
955 4837 1133 4916 continens,
1150 4839 1270 4919 absque
1287 4841 1493 4902 subductura.

340 4938 415 5000 ltem
441 4952 504 5002 tres
528 4959 627 5022 cappe
652 4939 692 5002 de
717 4942 827 5003 veluto
845 4943 949 5024 piloso
974 4944 1063 5005 rubei
1083 4943 1211 5022 coloris,
1235 4964 1298 5026 que
1322 4961 1395 5008 sunt
1412 4945 1492 5008 lacte

233 5043 272 5106 de
296 5060 434 5126 quatuor
458 5047 567 5129 cappis
591 5061 722 5131 propter
746 5049 970 5131 antiquitatem
1004 5051 1157 5132 ipsarum,
1182 5066 1277 5134 prout
1301 5053 1332 5114 in
1358 5055 1492 5136 antiquo

233 5165 412 5214 inventario
436 5153 630 5216 continetur.
