3810 5806
681 1607 809 1709 (Anno
837 1607 995 1695 Domini
1023 1603 1215 1706 MDVHI.)

904 1823 990 1830 .-—--

323 1949 411 2025 Item
441 1950 475 2025 in
496 1973 590 2024 anno
614 1947 756 2022 Domini
787 1946 974 2022 millesimo
1004 1945 1294 2046 quingentesimo
1324 1952 1467 2035 octavu,
1495 1952 1583 2019 tem-

322 2097 411 2173 pore
440 2073 608 2149 videlicet
636 2071 738 2171 primi
766 2071 945 2169 judicatus
981 2069 1230 2168 circumspecti
1252 2079 1290 2144 et
1309 2068 1492 2168 prudentis
1521 2068 1585 2142 viri

320 2199 489 2300 Johannis
518 2196 579 2273 filii
609 2195 772 2295 Georgii,
803 2195 962 2270 moderni
998 2193 1128 2291 judicis
1166 2193 1291 2282 nostri,
1321 2215 1471 2292 presens
1501 2214 1585 2291 qus-

323 2337 462 2398 ternum
491 2331 550 2398 est
578 2321 819 2420 conscriptum
860 2318 967 2394 modo
997 2327 1036 2393 et
1055 2317 1179 2392 ordine
1209 2325 1317 2415 prout
1345 2323 1465 2414 patet;
1495 2314 1586 2391 leria

533 2447 656 2544 quinta
684 2454 768 2519 ante
799 2443 1012 2518 dominicam
1041 2439 1362 2540 Quinquagesime.

845 2765 889 2836 (2.
911 2762 1033 2836 martii).

428 2923 526 2997 Quod
551 2922 624 3004 quia
651 2920 865 2983 communitas
889 2920 993 2999 certis,
1007 2919 1257 2981 racionabilibus
1281 2938 1318 2979 ex
1343 2918 1456 2994 causis,
1481 2936 1582 2978 unum

322 3043 448 3112 pratum
473 3029 569 3090 simul
593 3048 666 3090 cum
691 3047 754 3089 una
780 3026 864 3088 dieta
890 3041 970 3088 terre
995 3027 1141 3088 arrabilis
1165 3026 1197 3087 in
1231 3045 1345 3107 campo
1370 3039 1400 3087 et
1424 3023 1585 3086 territorio

323 3136 458 3198 civitatis
475 3150 582 3198 nostre
604 3136 685 3197 inter
702 3149 801 3197 terras
818 3133 970 3195 arrabiles
988 3131 1135 3214 Gregorii
1161 3132 1259 3196 Colar
1277 3131 1499 3194 inhabitatoris
1516 3151 1585 3213 prc-

323 3240 385 3303 iate
410 3243 556 3322 civitatis,
582 3257 612 3304 et
635 3241 783 3303 similiter
807 3241 888 3302 inter
919 3253 1018 3302 terras
1042 3239 1179 3301 arabiles
1204 3238 1358 3299 heredum
1383 3257 1440 3299 seu
1463 3255 1586 3298 succes·

322 3368 430 3411 sorum
464 3351 602 3412 condam
634 3348 824 3411 Valenthicz
857 3347 935 3410 olirn
969 3346 1111 3408 concivis
1144 3347 1262 3425 nostri,
1294 3347 1333 3407 ab
1366 3345 1525 3422 orientali,
1550 3365 1586 3405 ac

323 3455 528 3518 meridionali
561 3471 642 3517 terra
675 3453 915 3517 communitatis
949 3469 979 3514 et
1010 3454 1050 3515 ab
1081 3451 1273 3514 occidentali
1306 3451 1409 3534 plagis
1440 3450 1587 3510 similiter

322 3575 449 3644 pratum
474 3562 724 3640 communitatis,
748 3581 764 3622 a
793 3560 1047 3643 septemtrionali
1080 3575 1186 3620 autern
1220 3572 1310 3640 parte
1333 3571 1414 3619 terra
1440 3556 1586 3618 arrabilis

325 3688 379 3730 are
404 3682 511 3730 sancte
536 3668 649 3730 Crucis
674 3668 705 3728 in
731 3667 863 3729 ecclesia
888 3681 994 3728 nostra
1026 3666 1125 3727 sancti
1151 3665 1248 3726 Marci
1276 3661 1416 3740 fundate,
1441 3661 1585 3723 habiturn

325 3789 356 3834 et
372 3776 519 3853 existens,
536 3774 632 3836 simul
657 3794 729 3836 cum
748 3773 898 3835 omnibus
916 3773 1059 3834 eiusdem
1078 3772 1158 3854 prati
1184 3785 1215 3832 et
1231 3785 1312 3832 terre
1337 3770 1482 3831 arrabilis
1500 3769 1584 3830 utili-

322 3882 452 3960 tatibus,
477 3881 600 3964 juribus
624 3895 655 3943 et
687 3880 895 3963 pertinenciis
927 3879 1095 3956 universis,
1127 3878 1256 3960 egregio
1289 3876 1422 3938 domino
1448 3875 1585 3937 Johanni

324 3990 444 4050 Jacobo
469 3989 507 4049 de
533 3988 677 4070 Angelis,
702 3987 822 4048 arcium
849 4000 880 4049 et
911 3985 1071 4047 medicine
1103 3984 1238 4062 doctori,
1273 3997 1303 4044 et
1328 3982 1429 4045 nobili
1455 3982 1586 4043 domine

324 4095 451 4157 Milicza
477 4094 656 4156 conthorali
683 4093 826 4155 eiusdem
852 4113 888 4154 ac
912 4113 969 4176 per
1001 4092 1131 4153 eosdem
1165 4091 1307 4173 ipsorum
1334 4088 1504 4151 heredibus
1528 4107 1586 4170 pro

324 4201 434 4264 decem
459 4200 528 4264 flor.
554 4202 621 4262 auri
654 4203 693 4262 ab
726 4199 847 4261 eisdem
880 4200 968 4282 prius
1000 4199 1095 4281 plene
1128 4198 1240 4259 levatis
1265 4211 1295 4257 et
1320 4195 1503 4278 persolutis,
1528 4213 1586 4256 nos

324 4308 539 4370 communitas
562 4305 767 4368 vendidimus
791 4305 858 4386 jure
883 4319 1040 4388 perpetuo
1065 4321 1095 4367 et
1124 4303 1375 4366 irrevocabiliter
1399 4301 1586 4380 tenendum,

324 4413 554 4495 possidendum
578 4414 695 4495 pariter
720 4427 750 4473 et
775 4411 978 4487 habendum
1003 4413 1052 4474 cui
1078 4413 1149 4472 data
1176 4424 1222 4472 est
1247 4410 1338 4471 litera
1364 4407 1585 4490 privilegialis.

323 4520 441 4581 Datum
476 4517 555 4580 leria
591 4519 730 4581 secunda
766 4519 910 4602 proxima
948 4519 978 4579 in
1016 4518 1097 4581 festo
1139 4518 1239 4579 sancti
1277 4515 1462 4592 Valentini,
1499 4533 1585 4575 anno

323 4625 518 4708 supradicto.

429 4733 527 4807 Quod
552 4733 627 4814 quia
652 4732 852 4794 honorabilis
885 4732 1037 4793 dominus
1075 4731 1232 4793 Martinus
1265 4730 1421 4812 plebanus
1453 4727 1585 4788 ecclesie

324 4855 429 4902 nostre
454 4841 552 4902 sancti
581 4840 691 4916 Marci,
716 4840 877 4922 quandam
911 4840 1044 4900 domum
1077 4858 1165 4899 suam
1200 4850 1368 4914 muratam,
1392 4835 1487 4896 simul
1512 4855 1584 4895 cum

323 4943 427 5007 fundo
452 4959 483 5007 et
506 4945 624 5007 celario
649 4946 857 5007 subterraneo
882 4945 1029 5006 similiter
1054 4959 1198 5022 musam,
1230 4961 1355 5004 necnon
1387 4939 1521 5002 edificiis
1554 4941 1584 5001 in

323 5053 406 5113 dicta
420 5052 548 5114 civitate
572 5053 653 5113 inter
678 5053 811 5114 domum
838 5053 877 5114 de
902 5071 987 5112 novo
1012 5066 1168 5113 muratam
1193 5049 1311 5134 egregii
1337 5048 1460 5109 domini
1488 5047 1583 5109 Eme-
