3810 5806
902 543 1089 606 Inventaria.

371 759 441 820 nica
465 758 601 840 prima«,
627 771 657 818 et
682 757 713 818 in
738 754 801 818 fine
834 757 936 839 prime
971 757 1088 839 pagine
1120 757 1252 820 secundi
1277 756 1348 820 lolii
1380 757 1468 820 finit:
1496 775 1551 822 ›ut
1583 780 1636 822 ve·

371 865 513 942 niente«,
538 877 568 926 et
592 864 624 924 in
649 863 712 924 fine
737 863 809 925 libri
835 863 1012 926 decadem
1037 863 1128 926 litera
1153 863 1238 926 finit:
1266 881 1415 928 »maneat
1437 885 1565 949 semper
1589 881 1635 928 te-

372 990 455 1033 cum.
480 975 618 1048 Amen«,
642 969 764 1031 habens
788 971 918 1032 missam
945 973 1037 1033 beate
1062 970 1235 1051 Dorotbee,
1260 972 1349 1053 quod
1374 973 1503 1034 Missale
1528 973 1637 1056 appel-

371 1077 472 1138 latur:
497 1076 684 1140 rotundum.

477 1185 555 1247 Item
579 1184 667 1246 aliud
700 1185 829 1246 Missale
855 1205 928 1246 cum
962 1185 1167 1263 kalendario,
1200 1186 1408 1268 preambulis,
1435 1185 1638 1262 Prefacione‚

375 1291 510 1353 Canone
534 1305 564 1353 et
588 1291 717 1353 Exultet
740 1311 813 1353 cum
838 1307 924 1369 nota,
949 1294 988 1352 ab
1014 1305 1096 1370 ante,
1119 1307 1150 1353 et
1174 1293 1286 1374 incipit
1310 1311 1383 1354 cum
1408 1293 1551 1355 rubrica:
1581 1293 1637 1354 »ln

370 1399 473 1480 prima
496 1397 692 1474 dominica«,
717 1411 747 1459 et
772 1398 804 1458 in
828 1396 891 1459 fine
916 1398 1018 1480 prime
1042 1399 1159 1480 pagine
1176 1398 1311 1459 secundi
1335 1397 1407 1460 folii
1432 1397 1518 1460 finit:
1547 1400 1632 1461 ›exi-

371 1503 426 1565 stis
450 1503 482 1564 in
507 1503 702 1581 desertum«,
726 1517 757 1565 et
781 1503 813 1564 in
839 1501 901 1564 fine
927 1503 1065 1564 Missalis
1090 1503 1177 1565 finit:
1206 1519 1353 1566 »maneat
1369 1523 1496 1586 semper
1519 1519 1637 1570 tecum.

372 1614 510 1688 Amen«,
535 1610 658 1671 habens
683 1610 714 1670 in
750 1608 813 1671 fine
847 1609 1061 1691 Sequenciam
1093 1611 1160 1670 sine
1192 1623 1279 1689 nota,
1304 1629 1377 1672 cum
1401 1611 1512 1693 pulcra
1539 1612 1638 1674 litera.

478 1716 554 1778 ltem
580 1735 680 1778 unum
707 1715 836 1777 Missale
854 1717 962 1796 magni
980 1716 1168 1796 voluminis,
1185 1715 1274 1798 quod
1291 1716 1405 1799 incipit
1434 1716 1473 1778 de
1499 1718 1639 1780 rubrica:

376 1823 509 1906 »lncipit
533 1823 696 1901 Missale‹‚
722 1836 752 1884 et
776 1823 809 1882 in
833 1819 895 1882 fine
928 1822 1030 1904 prime
1064 1823 1179 1904 pagine
1210 1822 1344 1884 secundi
1377 1821 1447 1884 lolii
1472 1822 1543 1886 finit
1566 1843 1638 1885 cum

372 1929 515 1991 rubrica:
545 1928 748 2008 »munitus«,
772 1941 803 1991 et
827 1929 859 1989 in
883 1926 946 1991 fine
964 1928 1108 1990 eiusdem
1134 1929 1304 1990 decadem
1323 1929 1414 1992 litera
1440 1928 1527 1992 finit:
1556 1929 1639 1992 ›dis-

372 2037 498 2120 cipulus
522 2037 554 2098 in
579 2055 699 2098 suamc

479 2142 556 2205 ltem
581 2162 682 2204 unum
708 2142 836 2203 Missale
861 2161 933 2203 cum
952 2140 1139 2203 kalendario
1163 2155 1193 2202 et
1214 2141 1405 2222 exorcismo,
1429 2142 1633 2223 indument0,

371 2247 610 2332 prefacionibus
633 2268 669 2310 ac
694 2248 828 2311 Canone
852 2250 892 2310 ab
917 2261 1000 2327 ante,
1021 2259 1052 2309 et
1076 2247 1188 2329 incipit
1219 2267 1292 2310 cum
1324 2249 1468 2310 rubrica:
1497 2249 1550 2310 »ln
1576 2250 1634 2311 ad·

373 2369 471 2418 ventu
495 2355 647 2418 Domini‹
682 2369 753 2433 etc.,
784 2368 815 2417 et
839 2355 870 2416 in
903 2352 966 2416 fine
998 2353 1101 2436 prime
1128 2354 1245 2435 pagine
1277 2355 1411 2418 secundi
1442 2353 1513 2418 folii
1545 2355 1639 2419 finit:

376 2481 508 2524 »omnes
531 2462 630 2522 sancti
654 2461 755 2539 eius«,
780 2461 866 2522 etin
890 2457 954 2522 fine
971 2457 1056 2520 finit:
1084 2460 1279 2522 >clementer
1295 2461 1490 2543 expediat‹;
1517 2481 1634 2543 procu·

375 2581 479 2630 ratum
504 2587 560 2650 per
584 2569 669 2628 bone
694 2566 849 2628 memorie
873 2565 1044 2627 domiuum
1063 2564 1242 2628 lohannem
1259 2565 1522 2629 archidiaconum
1540 2567 1633 2630 dubi-

374 2695 499 2738 ceusem
525 2689 621 2756 prout
644 2673 676 2734 in
700 2672 764 2735 fine
788 2673 933 2734 eiusdem
958 2673 1032 2733 libri
1057 2687 1200 2754 apparet.

479 2779 557 2842 ltem
582 2799 682 2840 unum
707 2777 796 2840 aliud
822 2778 951 2840 Missale
977 2797 1097 2840 novum
1115 2797 1187 2839 eum
1206 2777 1404 2858 kalendario,
1429 2779 1638 2861 preambulis,

375 2884 615 2948 Prelacionibus
639 2898 670 2947 et
694 2885 829 2947 Canone
852 2886 892 2946 ab
916 2899 1002 2964 ante,
1026 2897 1058 2946 et
1080 2884 1194 2966 incipit
1217 2903 1292 2946 cum
1324 2885 1470 2947 rubrika:
1500 2885 1552 2946 »ln
1578 2885 1635 2948 do·

375 2992 491 3054 miniea
515 2991 652 3074 prima«,
676 3005 707 3052 et
731 2993 762 3052 in
787 2989 849 3052 fine
874 2991 976 3073 prime
1001 2991 1118 3073 pagine
1142 2990 1275 3052 secundi
1301 2989 1370 3052 folii
1395 2989 1483 3053 finit:
1512 2996 1637 3053 »Amen

375 3098 481 3176 dico«,
506 3097 627 3160 habens
651 3099 684 3158 in
708 3097 770 3159 fine
789 3098 1003 3179 Sequenciam
1021 3100 1089 3158 sine
1108 3112 1195 3175 nota,
1220 3111 1251 3158 et
1267 3095 1337 3160 finit
1353 3097 1436 3160 liber
1460 3099 1500 3160 de
1525 3099 1638 3161 eadem

375 3206 483 3266 litera:
513 3204 626 3265 »nobis
650 3203 725 3265 dare
749 3204 899 3286 gaudia«,
925 3203 1013 3286 quod
1039 3204 1167 3265 Missale
1191 3205 1276 3265 bone
1308 3205 1463 3266 memorie
1488 3205 1640 3268 dominus

376 3312 502 3374 Blasius
517 3311 636 3392 legavit
653 3331 710 3393 pro
725 3311 887 3393 prebenda
906 3325 1089 3373 sanctorum
1108 3310 1227 3373 Cosme
1245 3325 1277 3373 et
1293 3311 1443 3373 Damiani
1461 3313 1638 3376 martirum.

483 3418 560 3480 ltem
587 3418 668 3479 liber
692 3419 723 3478 in
750 3437 815 3499 quo
833 3419 1038 3480 continentur
1055 3418 1195 3500 quedam
1213 3419 1391 3500 ewangelia
1408 3433 1440 3481 et
1463 3420 1639 3502 passiones,

377 3539 407 3588 et
432 3526 543 3608 incipit
576 3525 606 3586 in
640 3525 784 3586 rubrica:
822 3525 1011 3586 ›Dominica
1045 3525 1148 3607 prima
1182 3525 1213 3586 in
1248 3525 1432 3604 Adventu«,
1465 3541 1496 3589 et
1519 3527 1551 3588 in
1576 3525 1639 3588 fine

376 3633 477 3715 prime
503 3632 618 3714 pagine
643 3632 776 3694 secundi
801 3629 887 3694 lolii:
925 3632 1154 3711 »vestiuntur«,
1188 3645 1219 3694 et
1250 3633 1282 3693 in
1317 3631 1379 3694 fine
1404 3633 1478 3694 libri
1504 3632 1575 3696 finit
1598 3634 1639 3696 de

377 3739 489 3801 eadem
514 3739 621 3800 litera:
652 3739 846 3821 »discipulus
871 3739 903 3798 in
928 3758 1049 3800 suam«

483 3844 560 3906 Item
586 3845 750 3927 quoddam
776 3845 905 3906 Missale
929 3865 1001 3906 cum
1034 3843 1220 3906 kalendario
1246 3859 1276 3906 et
1301 3843 1543 3907 Prefacionibus
1567 3846 1637 3908 sine

377 3965 467 4030 nota;
489 3951 609 4013 habens
634 3972 650 4012 a
674 3965 820 4034 ternpore
846 3971 948 4033 usque
969 3949 1085 4012 festum
1104 3951 1200 4012 Pasce
1225 3951 1346 4030 missas,
1371 3965 1401 4012 et
1425 3952 1458 4012 in
1483 3949 1546 4014 fine
1563 3952 1638 4014 libri

377 4058 416 4119 de
441 4057 553 4118 eadem
578 4077 675 4118 manu
699 4055 768 4118 finit
792 4057 823 4118 in
849 4058 1017 4118 oracione:
1046 4056 1220 4139 »Spiritum
1247 4058 1339 4119 nobis
1364 4057 1534 4122 Domine«

486 4163 564 4224 ltem
588 4163 670 4224 liber
692 4164 724 4223 in
750 4183 815 4244 quo
833 4163 1038 4224 continentur
1054 4163 1232 4244 ewangelia
1250 4177 1281 4226 et
1304 4163 1439 4246 epistole
1463 4183 1520 4246 per
1536 4179 1638 4226 totum

378 4289 509 4348 annum,
534 4283 564 4330 et
589 4270 701 4351 incipit
724 4289 797 4331 cum
823 4270 966 4331 rubrica:
996 4269 1187 4331 ›Dominics
1215 4270 1318 4352 prima
1343 4271 1375 4331 in
1399 4271 1584 4347 Adventm,
1609 4285 1640 4333 et

378 4377 409 4437 in
435 4374 496 4436 fine
522 4375 625 4456 prime
649 4375 764 4456 pagine
790 4376 922 4436 secundi
947 4374 1017 4437 folii
1042 4375 1128 4438 finit:
1158 4376 1303 4460 »Egipcii
1329 4376 1447 4456 addo«,
1473 4390 1504 4438 et
1527 4377 1560 4438 in
1577 4375 1640 4440 fine

379 4482 452 4544 libri
478 4481 564 4543 finit:
595 4481 667 4562 »qui
693 4495 797 4563 potest
822 4502 946 4563 capere,
975 4483 1110 4564 capiat«.

484 4588 561 4648 ltem
587 4607 687 4649 unum
714 4587 943 4650 Collectarium
970 4608 1026 4670 per
1042 4601 1147 4650 toturn
1172 4607 1304 4666 annum,
1329 4589 1368 4650 de
1382 4589 1513 4670 antiqua
1538 4589 1641 4669 litera,

379 4709 544 4776 copertum
570 4695 609 4755 de
635 4713 730 4755 coreo
748 4696 861 4773 rubeo,
879 4709 909 4756 et
927 4695 1056 4776 incipit:
1077 4694 1203 4756 ›Presta
1223 4695 1363 4756 Domine
1380 4693 1530 4758 fidelibus
1545 4696 1641 4775 tuias,

378 4801 499 4862 habens
523 4801 554 4861 in
579 4799 642 4862 fine
667 4801 914 4862 benedicciones
937 4800 1113 4882 generales.

483 4907 561 4969 Item
588 4907 819 4968 Collectarium
842 4927 942 4968 unum
974 4907 1155 4989 antiquum,
1186 4922 1217 4969 et
1248 4907 1360 4990 incipit
1392 4927 1465 4968 cum
1496 4908 1641 4969 rubrica:

384 5013 534 5074 »ecclesie
559 5013 663 5074 scola:
690 5013 855 5075 Confirma
879 5012 940 5074 hoc
965 5013 1084 5092 Deus«,
1109 5027 1139 5076 et
1165 5014 1197 5074 in
1221 5011 1284 5075 fine
1309 5013 1383 5075 libri
1407 5011 1495 5075 finit:
1516 5013 1641 5075 »anime

379 5131 410 5179 et
434 5119 587 5201 corporis.
1306 5121 1310 5128 ’
