3804 5798
370 537 426 600 ¹7²
894 517 1083 578 Inventarz'a.

467 733 556 810 ltem,
581 732 662 792 liber
694 731 951 809 institucionum,
982 731 1131 792 similiter
1164 730 1202 791 ad
1237 729 1370 790 modum
1397 731 1568 812 antiquum
1594 745 1625 793 et

363 839 519 920 incipiunt
543 839 575 900 in
599 851 688 900 textu
709 838 965 921 »imperatoriam
993 837 1226 915 maiestatem«,
1255 851 1285 898 et
1310 838 1342 899 in
1369 837 1431 900 fine
1458 839 1532 900 libri
1555 838 1625 901 finit

366 965 440 1025 »per
464 946 574 1006 omnia
598 941 705 1006 secula
730 945 923 1006 seculorum.
948 948 1085 1006 Amen«.

469 1051 558 1129 Item,
582 1065 685 1112 textus
710 1051 954 1113 Institutionum
979 1050 1047 1111 sine
1064 1051 1166 1131 glosa,
1191 1065 1221 1110 et
1245 1050 1357 1132 incipit
1373 1051 1520 1113 similiter
1547 1053 1624 1114 »im-

362 1159 554 1238 peratoriam
579 1158 810 1236 maiestatem«,
835 1157 904 1218 sine
929 1157 1144 1238 coopertorio

470 1263 558 1342 ltem,
583 1284 646 1324 una
674 1264 808 1325 Summa
839 1263 879 1324 de
913 1263 980 1344 jure
1012 1264 1180 1340 canonico,
1212 1283 1274 1344 que
1306 1265 1416 1346 incipit
1450 1265 1564 1346 »alpha
1595 1280 1626 1325 er

362 1369 513 1450 olmega),
532 1390 630 1430 unum
650 1371 680 1430 in
706 1371 848 1430 essentia
872 1384 903 1430 et
926 1370 1047 1431 trinum
1072 1371 1103 1430 in
1129 1371 1306 1452 personis«,
1326 1386 1356 1432 et
1381 1372 1412 1431 in
1437 1370 1500 1432 fine
1518 1373 1620 1454 prime

362 1477 477 1558 pagine
492 1477 624 1538 secundi
650 1475 719 1536 lolii
744 1475 814 1537 finit
842 1495 922 1556 »que
943 1495 1084 1556 congrua
1102 1476 1221 1554 clero«,
1246 1492 1276 1537 et
1302 1477 1334 1538 in
1361 1476 1422 1538 fine
1448 1478 1520 1538 libri
1545 1477 1624 1556 finit,

366 1598 431 1642 »est
455 1597 563 1643 autem
588 1582 712 1662 liquere
737 1582 777 1643 de
803 1582 1018 1660 intencione«,
1042 1596 1121 1643 testa
1146 1603 1264 1647 carens.

469 1687 555 1764 ltem,
581 1688 656 1749 certi
681 1687 754 1748 libri
778 1688 810 1748 in
844 1687 910 1768 jure
935 1688 1020 1748 civili
1054 1690 1241 1768 continenti,
1273 1711 1383 1751 carens
1416 1693 1620 1773 coopertorio

363 1809 393 1854 et
417 1808 463 1854 est
486 1795 589 1874 prima
614 1795 730 1876 pagina
755 1794 870 1872 deleta,
905 1809 935 1855 et
967 1795 998 1855 in
1025 1794 1088 1856 fine
1120 1796 1221 1877 prime
1254 1798 1369 1878 pagine
1394 1800 1525 1858 secundi
1553 1798 1620 1860 lolii

363 1900 431 1960 finit
458 1916 511 1961 ›ut
535 1921 551 1960 e
576 1901 838 1983 deposicionibus
861 1915 1019 1982 quatuor«
1055 1916 1085 1963 et
1109 1918 1193 1963 caret
1224 1902 1298 1982 fine,
1331 1919 1361 1964 et
1386 1904 1480 1966 habet
1505 1905 1535 1966 in
1562 1905 1624 1966 fine

367 2025 484 2085 »gener
508 2021 539 2066 et
562 2025 708 2069 socero«.

470 2112 559 2190 ltem,
583 2133 709 2174 summa
735 2111 903 2174 Ganifredi
929 2113 968 2173 de
993 2115 1078 2174 bona
1103 2114 1218 2192 littera,
1243 2135 1306 2196 que
1340 2115 1451 2196 incipit
1475 2135 1547 2176 curn
1575 2137 1624 2176 ru-

368 2218 454 2278 brica
484 2219 637 2280 »Summa
661 2239 757 2300 super
781 2220 891 2280 titulos
915 2219 1157 2299 decretalium«,
1182 2235 1213 2281 et
1237 2222 1267 2281 in
1293 2219 1357 2282 fine
1381 2222 1483 2303 prime
1509 2223 1625 2302 pagine

363 2325 495 2385 secundi
522 2324 592 2386 folii
616 2325 697 2404 finit,
725 2325 801 2386 »hec
838 2346 903 2387 non
937 2341 1010 2387 sunt
1042 2339 1152 2388 contra
1184 2328 1378 2409 apostolum,
1404 2329 1512 2409 quia«,
1538 2330 1625 2390 etin

363 2429 425 2490 fine
450 2431 523 2491 libri
546 2430 616 2492 finit
643 2433 772 2493 »malim
798 2433 896 2513 repeti
922 2453 1019 2513 quam
1045 2451 1146 2493 esse«.

469 2537 558 2616 ltem,
576 2539 693 2599 librum
712 2539 885 2619 Speculum
903 2539 1035 2600 ecclesie
1058 2555 1288 2620 nuncupatum,
1306 2541 1345 2600 de
1364 2541 1467 2602 littera
1481 2543 1625 2622 antiqua,

364 2658 393 2702 et
418 2645 449 2703 in
474 2643 535 2704 fine
561 2645 634 2705 libri
660 2645 780 2706 habens
805 2646 962 2706 rubricam
988 2645 1027 2707 de
1052 2646 1216 2728 sepultura
1242 2661 1455 2708 mortuorum.

613 2894 858 2974 Sequuntur
888 2895 990 2956 libri
1018 2895 1371 2957 sermocionales.

472 3057 579 3116 Primo
604 3056 735 3136 quidem
760 3056 841 3117 liber
865 3056 1107 3118 sermocionatis
1131 3055 1234 3116 fratris
1260 3057 1414 3118 Armandi
1440 3057 1480 3118 de
1505 3058 1620 3118 Belko-

366 3162 588 3241 misa,habens
606 3163 637 3222 in
662 3162 821 3244 principio
846 3162 1019 3243 quemdam
1045 3181 1228 3222 sermonem
1242 3163 1326 3224 Petri
1352 3163 1622 3243 Rothomagensis

365 3269 519 3350 episcopi,
545 3282 575 3329 et
599 3284 867 3358 suntsermones
901 3268 939 3328 de
972 3267 1159 3328 auctoritate
1196 3269 1370 3349 psalmiste,
1404 3284 1435 3330 et
1467 3269 1625 3350 incipiunt

368 3377 577 3437 ‚Reverendo
595 3377 628 3437 in
645 3359 774 3438 Christo
790 3375 872 3457 patri
890 3390 920 3435 et
944 3375 1111 3452 domino«,
1129 3371 1238 3436 etfinit
1262 3375 1292 3436 in
1312 3375 1374 3436 fine
1398 3375 1471 3436 libri
1499 3375 1620 3435 »eciam

365 3482 480 3543 dividit
504 3499 535 3543 et
560 3483 661 3561 unit«,
686 3483 754 3543 sine
779 3483 946 3544 asseribus.

471 3607 559 3686 ltem,
585 3626 667 3667 unus
691 3607 771 3667 alius
795 3605 876 3666 liber
899 3607 1140 3668 sermocionalis
1166 3605 1321 3685 delestis,
1349 3605 1488 3688 Byhardi
1514 3606 1553 3666 de
1572 3625 1623 3666 or-

366 3715 440 3774 dine
465 3713 597 3775 fratrum
623 3714 797 3790 minorum,
822 3726 852 3773 et
876 3713 987 3794 incipit
1016 3713 1230 3794 »Sapientiam
1263 3727 1446 3774 sanctorum
1465 3726 1625 3790 narrante,

366 3820 487 3882 habens
511 3822 592 3882 circa
617 3819 713 3882 finem
738 3839 903 3881 sermones
927 3840 984 3901 pro
1009 3821 1191 3905 visitatione
1216 3821 1301 3880 etin
1327 3819 1465 3880 sinodali
1491 3839 1625 3899 congre-

364 3929 510 4009 gacione,
535 3943 565 3988 et
597 3927 666 3988 finit
700 3927 859 3988 »dilatasti
890 3947 1016 4006 gressus
1048 3947 1138 3988 meus
1169 3930 1280 3988 subtus
1312 3946 1396 3999 me«,
1424 3941 1455 3986 et
1479 3941 1525 3987 est
1550 3946 1624 3987 coo·

365 4051 472 4116 pertus
497 4035 536 4096 de
561 4037 671 4096 rubeo.

473 4143 561 4221 ltem,
585 4143 667 4203 alius
692 4142 775 4202 liber
808 4141 1050 4202 sermocionalis
1082 4141 1122 4202 de
1155 4139 1253 4217 lestis,
1278 4155 1309 4201 et
1341 4141 1452 4222 incipit
1478 4140 1509 4199 in
1534 4139 1627 4218 nigro

370 4248 422 4308 »ln
447 4249 545 4309 domo
570 4249 666 4330 patris
691 4249 754 4309 mei
779 4249 962 4309 mansiones
987 4249 1085 4310 multe
1115 4263 1220 4327 sunt«,
1245 4263 1276 4309 et
1301 4249 1332 4308 in
1357 4245 1420 4308 fine
1445 4247 1547 4328 prime
1572 4267 1625 4326 pa-

365 4355 439 4435 gine
464 4356 595 4416 secundi
620 4354 689 4416 folii
715 4353 784 4416 finit
813 4375 997 4436 »nunquam
1015 4355 1166 4432 debent«,
1191 4368 1222 4416 et
1239 4355 1270 4416 in
1294 4353 1358 4415 fine
1383 4353 1455 4414 libri
1480 4351 1551 4414 finit
1574 4367 1628 4414 »ut

366 4461 500 4522 heredes
524 4477 555 4523 et
578 4462 756 4541 salamite«,
782 4477 812 4524 et
836 4477 883 4524 est
906 4463 981 4523 satis
1004 4462 1133 4544 spissus.

473 4569 560 4646 ltem,
592 4569 673 4630 alius
705 4570 786 4630 liber
821 4569 1074 4647 sermocionalis,
1110 4583 1141 4630 et
1173 4584 1219 4630 est
1256 4570 1286 4629 in
1319 4568 1433 4650 papiro
1466 4567 1506 4628 de
1531 4587 1626 4648 parva

366 4676 479 4754 forma,
505 4690 535 4736 et
560 4677 671 4757 incipit
700 4677 749 4736 »in
776 4677 945 4737 dominum
970 4691 1115 4737 nostrum
1149 4677 1257 4736 Jesum
1284 4675 1482 4753 Christum«,
1507 4673 1627 4735 habens

368 4784 398 4842 in
425 4782 487 4843 fine
512 4801 694 4843 sermonem
720 4783 758 4842 ad
785 4783 917 4860 clerum,
943 4799 973 4842 et
998 4783 1028 4842 in
1055 4781 1116 4842 fine
1143 4783 1215 4843 libri
1242 4781 1310 4843 finit
1338 4803 1413 4865 »per
1438 4801 1555 4863 aquam
1574 4803 1624 4840 ex-

367 4891 554 4974 piscionis«.

472 4996 560 5071 Item,
593 4996 731 5076 quedam
765 5017 888 5058 summa
926 4998 965 5062 de
998 4997 1086 5060 viciis
1119 5011 1150 5060 et
1181 4997 1362 5076 virtutibus,
1395 5012 1425 5058 et
1458 4996 1569 5078 incipit
1595 4996 1626 5055 in
