3804 5798
784 585 969 651 Inventam.
1442 577 1500 670 163

739 799 1015 863 pontificale.

350 939 440 1022 Item,
465 961 565 1005 unum
591 941 788 1022 Pontificale,
805 943 894 1025 quod
911 943 1023 1026 incipit
1039 963 1112 1004 cum
1129 943 1254 1005 rubrica
1283 943 1498 1007 »pontificalis

239 1045 363 1107 ordinis
386 1047 501 1128 libere,
526 1049 639 1132 incipit
670 1069 743 1112 cum
777 1049 932 1132 epistolis,
964 1063 995 1112 et
1019 1049 1051 1111 in
1075 1048 1138 1111 fine
1164 1049 1235 1111 libri
1268 1069 1339 1112 cum
1373 1052 1499 1114 rubrica

238 1151 307 1214 linit
333 1153 492 1236 »Explicit
513 1155 710 1217 ammonicio
733 1155 766 1217 in
790 1153 978 1218 ordinandis
1002 1153 1139 1217 fiendae.

344 1262 380 1320 In
409 1265 563 1338 margine:
592 1261 702 1325 Unum
735 1260 920 1345 pontificale
951 1261 1046 1324 habet
1080 1261 1231 1324 dominus
1266 1261 1499 1325 Constantinus

238 1365 417 1450 episcopus,
441 1381 472 1430 et
495 1367 569 1430 loco
594 1367 680 1430 illius
705 1368 801 1431 habet
825 1387 919 1430 suurn
945 1368 977 1430 in
1001 1367 1153 1430 sacristia.

343 1471 433 1552 Item,
451 1493 551 1536 unum
576 1474 665 1536 aliud
683 1473 869 1537 Pontificale
887 1475 1057 1538 continens
1074 1474 1175 1536 eciam
1193 1487 1224 1536 et
1241 1475 1499 1554 benedicciones,

237 1591 269 1641 et
292 1578 406 1662 incipit
430 1600 503 1643 curn
529 1581 656 1644 rubrica
684 1579 737 1644 ›ln
762 1595 901 1664 quatuor
928 1581 1129 1664 temporibus
1153 1580 1231 1643 dum
1255 1581 1406 1663 leguntur
1428 1602 1502 1665 pro-

238 1681 384 1766 phecie«,
409 1698 440 1748 et
463 1687 495 1748 in
520 1685 583 1750 fine
600 1687 675 1750 libri
687 1685 758 1750 finit
777 1701 963 1770 »permanet
979 1687 1011 1750 in
1028 1686 1136 1750 secula
1152 1687 1344 1752 seculorum.
1361 1693 1500 1768 Amen«,

238 1789 279 1853 de
302 1791 435 1874 pulchra
459 1793 575 1858 littera.

672 1882 1067 1946 Benediccionalia.

345 2005 435 2087 Item,
467 2027 551 2069 unus
581 2008 662 2070 liber
684 2007 949 2071 Benedictionale
975 2007 1087 2084 dictus,
1120 2006 1241 2069 habens
1273 2007 1305 2068 in
1338 2007 1496 2090 principio

239 2111 387 2176 ordinem
413 2115 581 2195 quomodo
599 2115 768 2198 episcopua
791 2134 824 2176 se
842 2114 969 2176 ordinet
992 2113 1032 2175 ad
1050 2113 1190 2192 missam,
1208 2127 1239 2175 et
1261 2113 1292 2174 in
1317 2111 1380 2175 fine
1397 2114 1499 2196 prime

238 2219 355 2302 pagine
379 2221 512 2283 secundi
537 2219 607 2284 lolii
638 2221 708 2284 linit
735 2241 812 2304 »pro
844 2222 993 2304 peccatis,
1024 2219 1289 2299 offensionibus«,
1322 2233 1353 2282 et
1377 2221 1409 2282 in
1434 2219 1496 2284 fine

236 2325 310 2388 libri
335 2324 405 2389 finit
432 2327 559 2389 »sedem
583 2327 701 2391 habere
725 2347 791 2390 non
815 2329 971 2410 possint«.

340 2454 376 2512 ln
398 2457 548 2530 margine:
572 2452 668 2516 habet
692 2473 765 2516 eutn
790 2453 941 2515 dominus
974 2451 1155 2514 Demetrius
1179 2451 1314 2535 Chupor
1349 2453 1390 2516 ad
1415 2452 1491 2515 fide·

236 2556 412 2620 iussionem
437 2557 561 2622 domini
586 2559 737 2623 doctoris.

345 2663 436 2744 Item,
460 2684 560 2728 unum
586 2665 673 2728 aliud
691 2666 960 2729 Benediccionale
985 2665 1161 2748 repositum
1176 2679 1222 2727 est
1246 2667 1328 2728 inter
1344 2666 1497 2748 reliquias

238 2789 296 2852 pro
320 2770 478 2854 plenario,
503 2787 534 2836 et
558 2773 753 2857 descriptum
778 2793 873 2856 supra
899 2773 980 2835 inter
1004 2772 1159 2855 plenaria.

717 2933 879 2996 Bibilie
910 2933 1024 2996 libri.

345 3056 465 3137 Primo,
489 3077 553 3120 una
577 3058 688 3140 pulcre
719 3071 750 3120 et
773 3057 961 3140 sollempnis
985 3055 1113 3134 Eibilia,
1137 3075 1200 3136 que
1229 3055 1342 3137 incipit
1368 3055 1498 3116 »Frater
1607 3051 1609 3056 ’

239 3163 464 3243 Ambrosius«,
488 3177 519 3226 et
543 3165 574 3226 in
599 3163 661 3226 fine
686 3164 788 3247 prime
812 3165 929 3248 pagine
960 3161 1093 3225 secundi
1116 3159 1187 3223 folii
1213 3160 1282 3223 finit
1308 3181 1383 3244 »per
1407 3161 1497 3223 here·

238 3287 326 3330 mum
364 3271 602 3349 mansionum«,
627 3284 659 3333 et
682 3271 715 3332 in
738 3269 801 3332 fine
825 3270 899 3332 libri
925 3269 964 3332 de
989 3269 1101 3337 eadem
1127 3267 1231 3330 littera
1256 3267 1326 3329 finit
1352 3267 1498 3329 »domini

209 3362 340 3437 'nostri
365 3375 457 3439 lhesu
483 3375 602 3440 Christi
627 3397 700 3440 cum
732 3377 885 3440 omnibus
909 3377 1010 3439 vobis.
1045 3381 1159 3438 Amen.
1193 3373 1233 3437 Et
1257 3387 1304 3437 est
1326 3373 1398 3436 finis
1423 3394 1498 3455 apo·

239 3481 398 3564 calipaisc.

343 3590 380 3647 Im
403 3591 553 3665 margine:
577 3589 667 3669 Item,
699 3609 762 3651 una
788 3589 892 3651 Biblia
917 3589 950 3650 in
982 3607 1078 3671 parva
1104 3589 1280 3671 quantitate
1316 3606 1389 3648 cum
1415 3587 1499 3648 bona

238 3694 402 3777 scriptura,
427 3695 531 3778 legata
556 3716 612 3779 per
636 3695 804 3758 dominum
827 3696 968 3775 Petrum,
985 3697 1172 3779 episcopum
1198 3695 1448 3772 cathanensem,
1471 3707 1501 3754 et

239 3801 351 3884 incipit
367 3821 441 3864 cum
464 3801 568 3865 littera
594 3815 704 3866 aurata
731 3802 860 3865 »Frater
880 3803 1102 3881 Ambrosius«,
1128 3817 1158 3864 et
1182 3803 1214 3864 in
1239 3801 1301 3863 fine
1326 3801 1399 3862 libri
1427 3800 1499 3862 ›Bi-

239 3907 303 3969 blia
327 3907 459 3970 ecclesie
483 3909 730 3991 zagrabiensisc,
755 3909 795 3971 de
819 3909 881 3971 alia
906 3929 1015 3989 manu,
1036 3909 1158 3971 habens
1175 3908 1360 3992 psalterium
1386 3925 1500 3968 secun·

239 4013 316 4076 dum
342 4015 502 4078 ebraicam
527 4016 706 4080 veritatem.

343 4122 381 4182 ln
404 4125 554 4198 margine:
585 4121 661 4214 Item
695 4142 759 4185 una
791 4122 897 4184 Biblia
930 4123 960 4184 in
986 4141 1083 4206 parva
1115 4122 1292 4203 quantitate
1317 4138 1391 4180 cum
1416 4121 1500 4181 bona

237 4227 405 4310 scriptura,
430 4227 534 4309 legata
566 4248 622 4311 per
653 4228 822 4290 dominum
855 4229 995 4307 Petrum,
1028 4229 1216 4311 episaopnm
1248 4225 1500 4304 corbaviensem‚

238 4347 270 4395 et
293 4333 406 4416 incipit
429 4353 503 4396 cum
527 4333 632 4396 littera
657 4347 765 4397 aurata
808 4335 937 4396 »Frater
966 4335 1189 4412 Ambrosius«,
1221 4347 1251 4393 et
1276 4332 1308 4392 in
1341 4330 1403 4393 fine
1426 4331 1499 4392 libri

242 4440 366 4503 ›ssiblia
390 4440 522 4503 ecclesie
547 4441 797 4524 zagrabiensise,
821 4441 861 4503 de
883 4441 946 4503 alia
963 4461 1072 4520 manu,
1097 4441 1219 4502 habens
1242 4437 1428 4521 psalterium
1452 4457 1499 4499 se·

239 4547 380 4610 cundum
405 4547 565 4610 ebraicam
590 4548 767 4610 veritatem.

344 4656 383 4715 In
406 4658 556 4731 margine:
588 4654 676 4734 Item,
709 4673 770 4716 una
797 4653 900 4716 Biblia
936 4655 967 4715 in
1002 4655 1086 4715 bona
1119 4652 1296 4734 quantitate
1329 4651 1360 4710 in
1385 4669 1498 4732 parga-

239 4780 356 4840 meno‚
388 4760 493 4843 legata
524 4780 581 4843 per
612 4759 824 4823 reverendum
856 4760 889 4821 in
920 4758 1048 4822 Christo
1080 4771 1203 4842 patrem
1243 4755 1411 4818 dominum
1441 4750 1497 4816 Jo-

240 4867 379 4930 bannem
400 4880 470 4947 etc,
495 4867 534 4930 de
558 4867 711 4949 scriptura
736 4865 904 4928 bohemica
918 4867 975 4942 ;'et
992 4865 1105 4947 incipit
1128 4883 1201 4926 cum
1218 4861 1342 4924 rubrica
1364 4859 1495 4942 »Incipit

240 4973 375 5057 epistola
400 4973 484 5037 beati
510 4973 698 5052 leronimi«,
723 4985 754 5036 et
776 4971 847 5034 finit
874 4991 964 5034 »cum
990 4971 1141 5033 omnibus
1164 4969 1266 5031 vobis.
1291 4971 1429 5029 amem.

344 5080 434 5161 ltem,
458 5099 521 5142 una
551 5099 648 5163 parva
680 5078 797 5141 Ribilia
828 5077 869 5141 dc
901 5078 1024 5140 minuta
1047 5077 1162 5157 littera,
1200 5077 1320 5139 habens
1352 5073 1383 5134 in
1408 5073 1499 5154 prin·

1406 5171 1425 5212 ff
