3810 5806
391 586 447 648 ¹3²
920 570 1100 628 Inventam.

385 778 490 858 furo«,
514 793 545 840 et
571 781 602 840 in
627 779 690 842 fine
714 780 788 841 libri
811 778 899 842 finit:
934 795 1078 861 »patrum
1113 793 1337 855 nostrorum‹;
1370 792 1558 860 procuratus
1591 797 1647 860 per

385 888 468 948 bone
505 886 660 948 memorie
696 886 866 948 dominum
908 885 1087 947 Johannem
1129 885 1390 947 archidiaconum
1426 885 1648 962 dubicensem,

383 1007 478 1074 prout
503 992 534 1053 in
561 993 701 1073 quadarn
727 992 851 1054 rubrica
877 993 908 1052 in
934 990 995 1052 fine
1022 990 1165 1053 eiusdem
1195 991 1267 1053 libri
1293 1004 1434 1074 apparet.

488 1116 567 1178 ltem
592 1136 693 1178 unum
718 1115 806 1178 aliud
831 1116 1021 1178 Leccionale
1047 1116 1219 1198 incipiens:
1260 1121 1305 1176 »A
1330 1116 1445 1178 diebus
1468 1116 1643 1198 antiquis«,

383 1242 455 1284 cum
482 1237 568 1300 nota,
593 1236 624 1284 et
648 1223 680 1282 in
704 1221 767 1283 fine
789 1222 892 1304 prime
908 1222 1025 1304 pagine
1048 1223 1179 1283 secundi
1206 1221 1275 1284 folii
1294 1221 1379 1284 finit:
1408 1223 1523 1284 »alieni
1548 1223 1646 1284 devo-

383 1343 486 1407 rant«,
510 1329 587 1391 etin
605 1326 667 1389 fine
685 1328 758 1389 libri
775 1327 896 1390 habens
913 1328 953 1390 de
970 1348 1117 1390 sermone
1135 1327 1376 1390 Purificacionis
1393 1330 1485 1391 beate
1502 1328 1643 1409 virginis.

488 1452 565 1514 ltem
592 1471 692 1512 unum
719 1452 921 1531 Leccionale‚
946 1452 1053 1533 magni
1078 1453 1266 1530 voluminis,
1299 1449 1460 1531 delestis,
1485 1451 1574 1533 quod
1600 1452 1643 1512 in-

382 1558 459 1640 cipit
482 1577 555 1619 cum
580 1558 725 1619 rubrica:
761 1558 967 1620 »Secundum
1001 1558 1217 1634 Johannem«,
1250 1573 1280 1618 et
1313 1558 1344 1619 in
1372 1558 1483 1639 nigro:
1513 1557 1564 1618 »ln
1590 1557 1649 1619 illo

381 1678 528 1745 ternpore
559 1667 663 1726 stabat
694 1664 888 1743 Johannese,
921 1679 952 1726 et
988 1666 1018 1724 in
1054 1662 1116 1726 fine
1148 1665 1250 1746 prime
1282 1667 1398 1746 pagine
1422 1663 1553 1726 secundi
1578 1662 1648 1725 folii

381 1772 468 1833 finit:
499 1773 628 1833 »Nubes
652 1771 795 1850 volant«,
828 1785 859 1834 et
882 1773 914 1833 in
947 1771 1010 1833 fine
1053 1772 1125 1834 libri
1162 1771 1248 1833 finit:
1286 1771 1359 1832 »sed
1393 1787 1577 1854 peccatores
1608 1771 1648 1832 ad

382 1877 629 1960 penitenciam«

488 2001 565 2063 ltem
591 2021 672 2062 unus
695 2001 777 2062 liber
802 2002 1043 2065 Sermocionale
1068 2003 1182 2080 dictus,
1199 2002 1308 2084 magni
1331 2002 1518 2081 voluminis,
1543 2017 1574 2063 et
1598 2001 1646 2063 in·

382 2107 475 2189 cipit:
504 2107 671 2189 ’propicia
697 2107 896 2184 divinitate«,
921 2123 952 2170 et
980 2109 1012 2169 in
1044 2107 1106 2170 fine
1139 2109 1241 2190 prime
1273 2109 1390 2190 pagine
1414 2108 1546 2169 secundi
1571 2106 1641 2170 folii

384 2209 470 2274 finit:
509 2213 656 2294 »qualem
681 2233 881 2288 summam‹;
907 2228 938 2276 et
962 2229 1008 2276 est
1033 2215 1064 2275 in
1090 2215 1290 2295 marginibus
1318 2215 1436 2276 incisus
1460 2227 1492 2275 et
1515 2214 1647 2276 mirabi-

382 2317 455 2380 liter
480 2319 669 2381 destructus.

487 2443 563 2505 ltem
590 2464 690 2505 unum
708 2445 900 2507 Leccionale
918 2465 1051 2523 novum,
1068 2446 1157 2527 quod
1175 2446 1288 2528 incipit
1304 2447 1343 2506 de
1361 2445 1505 2507 rubrica:
1532 2445 1649 2506 ‚Liber

382 2551 440 2612 iste
465 2564 597 2612 vocatur
622 2551 811 2612 Leccionale
828 2551 1043 2630 breviatum«,
1067 2565 1098 2613 et
1115 2553 1147 2613 in
1172 2550 1233 2614 fine
1253 2552 1354 2634 prime
1372 2553 1489 2633 pagine
1513 2551 1648 2612 secundi

380 2654 449 2718 folii
473 2656 561 2719 finit:
590 2671 732 2719 »mutata
758 2657 887 2735 velim«,
913 2672 944 2719 et
967 2658 999 2718 in
1024 2655 1087 2718 fine
1111 2657 1185 2718 libri
1209 2658 1330 2719 habens
1354 2656 1533 2718 doctrinam
1560 2658 1646 2718 beati

380 2763 535 2825 Johannis
560 2763 751 2828 Grisostomi
783 2784 878 2846 super
910 2764 1104 2845 quibusdam
1140 2764 1415 2846 perplexitatibus,
1448 2764 1487 2824 de
1521 2765 1647 2825 rubrica

378 2884 543 2952 scriptam.

485 2994 561 3056 ltem
587 2993 675 3054 aliud
710 2994 911 3073 Leccionale‚
943 2995 1017 3055 satis
1050 2995 1210 3076 pulcrum,
1242 2995 1331 3076 quod
1358 2994 1470 3077 incipit
1494 3014 1566 3055 cum
1594 3015 1646 3055 ru·

379 3101 465 3161 brica
492 3101 529 3162 de
553 3113 662 3161 sancto
688 3100 842 3162 Silvestro
861 3120 953 3182 papa,
973 3115 1004 3161 et
1027 3101 1059 3161 in
1079 3099 1143 3162 fine
1164 3103 1266 3183 prime
1284 3102 1401 3184 pagine
1425 3102 1557 3162 secundi
1576 3099 1646 3162 folii

378 3205 464 3266 finit:
492 3224 575 3266 »non
595 3205 840 3282 mediocriter«;
859 3207 890 3266 in
910 3205 971 3267 fine
990 3207 1063 3268 libri
1088 3205 1174 3268 finit:
1196 3208 1314 3268 »libera
1333 3227 1417 3269 me«.
1437 3207 1644 3268 Procuratunr

378 3312 526 3374 similiter
558 3333 614 3394 per
645 3315 729 3374 bone
762 3313 918 3374 memorie
958 3313 1128 3374 dominum
1170 3313 1349 3375 Johannem
1382 3313 1645 3375 archidiaconum

379 3418 611 3497 dubiciensem,
636 3434 732 3500 prout
756 3421 787 3480 in
813 3421 939 3481 rubrica
965 3420 997 3480 in
1022 3419 1084 3481 fine
1109 3420 1182 3481 libri
1208 3421 1310 3502 posita
1335 3421 1538 3483 describitur.

486 3560 562 3622 Item
589 3581 690 3622 unum
714 3563 802 3623 aliud
829 3563 1031 3641 Leccionale‚
1065 3564 1154 3644 quod
1178 3563 1325 3625 similiter
1358 3563 1469 3645 incipit
1493 3581 1566 3624 cum
1592 3581 1645 3622 ru·

379 3667 463 3728 brica
489 3667 528 3728 de
552 3681 661 3730 sancto
679 3669 833 3730 Silvestro
858 3690 951 3752 papa,
968 3683 998 3730 et
1015 3670 1047 3730 in
1072 3669 1135 3732 fine
1153 3671 1256 3751 prime
1275 3670 1391 3752 pagine
1416 3669 1549 3731 secundi
1569 3667 1643 3730 folii

380 3770 468 3835 finit:
489 3774 702 3835 »commendo
719 3775 884 3836 ecclesiam
904 3776 988 3853 dei«,
1002 3790 1033 3837 et
1050 3777 1080 3836 in
1099 3774 1161 3836 fine
1179 3775 1250 3836 libri
1269 3774 1356 3836 finit:
1378 3789 1427 3836 »et
1446 3773 1528 3836 calix
1554 3793 1646 3835 meus

381 3879 542 3940 inebrians
566 3900 663 3961 quam
689 3881 851 3962 preclarus
875 3895 931 3943 est.
957 3881 1129 3943 Alleluia«

775 4147 1019 4228 Sequuntur
1045 4149 1249 4211 Missalia.

485 4304 562 4365 ltem
589 4325 688 4366 unum
715 4307 843 4368 Missale
872 4308 1021 4390 pulcrum
1048 4309 1223 4370 secundum
1250 4327 1378 4369 cursum
1403 4307 1640 4386 Romanorum,

378 4409 499 4471 babens
524 4411 745 4474 kalendarium
770 4428 842 4474 ante
868 4429 898 4475 et
923 4415 1078 4496 quasdam
1111 4416 1287 4493 oraciones,
1312 4414 1402 4496 quod
1427 4414 1540 4496 incipit
1564 4433 1638 4475 cum

378 4517 521 4578 rubrica:
551 4517 740 4580 ›Dominica
766 4521 868 4602 prima
901 4522 940 4581 de
966 4521 1150 4599 Adventu«,
1184 4521 1215 4582 in
1241 4520 1303 4582 fine
1328 4522 1431 4603 prime
1455 4521 1571 4603 pagine
1596 4541 1644 4581 se·

378 4622 475 4683 cundi
499 4620 569 4684 lolii
593 4623 680 4686 finit:
710 4627 847 4688 »servire
883 4647 1002 4706 mere«,
1031 4643 1061 4689 et
1092 4629 1124 4688 in
1150 4627 1211 4688 fine
1244 4628 1318 4688 libri
1342 4627 1383 4687 de
1408 4627 1522 4688 eadem
1549 4627 1640 4688 litera

377 4727 446 4789 finit
470 4729 502 4790 in
535 4731 704 4792 oracione:
742 4733 886 4794 >Exaudi
920 4753 979 4794 nos
1012 4734 1184 4812 Domine«,
1217 4753 1313 4816 super
1343 4733 1527 4816 aspersione
1560 4753 1642 4814 aque

377 4835 563 4913 benedicte;
588 4854 776 4920 coopertum
802 4839 840 4899 de
865 4841 967 4900 serico
993 4842 1093 4901 rubeo
1127 4860 1198 4901 cum
1222 4841 1324 4901 tribus
1348 4840 1503 4901 clausuris
1527 4839 1567 4900 de
1592 4860 1640 4900 ar·

376 4955 484 5021 gento,
515 4943 636 5006 habens
668 4945 778 5007 decern
813 4947 944 5007 monilia
979 4947 1018 5006 ad
1051 4945 1167 5027 figuras
1200 4965 1310 5028 regum
1343 4947 1484 5028 sculptas
1508 4945 1559 5009 ¹de
1595 4967 1640 5006 ar·

376 5062 473 5129 gento
498 5069 589 5130 puro,
