3842 5802
801 568 890 626 Anno
912 578 1002 646 1473.
1499 593 1534 654 ¹9

280 669 524 679 n*-
988 677 1011 682 ...
1024 677 1299 685 ...h-Q.—
1313 679 1529 687 -2—--—-———-

271 778 341 839 tatis
365 777 398 838 in
422 797 455 839 se
472 777 691 840 continentem
717 799 775 861 pro
793 779 902 842 debito
929 782 1027 863 ipsius
1041 782 1178 844 condam
1196 783 1294 864 Jurgh
1319 785 1435 846 rasoris
1452 805 1528 866 pan-

272 904 384 945 norum
409 885 560 947 videlicet
584 899 705 968 septem
731 885 801 951 flor.
826 888 905 967 auri,
931 908 997 969 quo
1022 889 1107 950 idem
1126 889 1263 952 condam
1290 889 1450 973 Georgius
1467 913 1533 953 car-

270 989 354 1052 nifex
368 991 584 1072 obligabatur,
598 993 648 1054 cui
663 992 847 1054 venditioni
861 993 997 1076 provida
1011 995 1126 1056 mulier
1139 1015 1219 1057 uxor
1233 995 1377 1058 eiusdem
1395 997 1533 1058 condam

269 1097 400 1180 Georgii
426 1097 584 1160 carnificis
607 1100 778 1181 prebuerat
799 1120 1003 1180 consensum,
1021 1101 1221 1182 quequidem
1247 1101 1363 1164 domus
1387 1117 1434 1164 est
1458 1124 1535 1168 von·

267 1205 332 1266 dita
357 1205 521 1286 Stephano
545 1205 688 1266 sellatori
713 1204 780 1268 filio
806 1206 961 1268 lobannis
985 1207 1120 1269 Zakalas
1143 1207 1219 1269 dicti
1245 1207 1284 1269 de
1310 1208 1418 1289 Erdel,
1445 1229 1532 1271 novo

266 1311 391 1372 concivi
416 1325 526 1373 nostro
551 1331 587 1373 ac
604 1331 661 1393 per
685 1331 758 1374 eum
776 1313 842 1374 suis
858 1312 1031 1375 heredibus
1047 1313 1116 1394 jure
1145 1330 1301 1396 perpetuo
1319 1316 1535 1397 possidenda,

265 1417 317 1477 cui
342 1416 413 1479 data
439 1432 485 1478 est
510 1419 600 1479 litera
626 1431 732 1479 nostre
758 1420 999 1482 communitatis
1024 1420 1245 1500 privilegialis.

373 1523 469 1596 Quod
495 1524 570 1605 quia
594 1543 653 1585 nos
684 1524 806 1586 scilicet
837 1526 1053 1588 communitas
1084 1526 1166 1588 dicte
1199 1527 1335 1588 civitatis
1368 1527 1532 1608 quendam

267 1627 403 1691 lundum
429 1645 536 1691 nostre
560 1631 801 1692 communitatis
836 1631 1008 1710 desertum,
1035 1633 1089 1714 qui
1115 1632 1251 1694 condam
1278 1634 1380 1694 Frane
1407 1633 1531 1696 molen-

266 1733 424 1796 dinatoris
447 1733 619 1816 prefuerat,
652 1735 683 1796 in
721 1735 804 1798 dicta
841 1737 990 1816 civitate,
1022 1737 1180 1800 hedificiis
1211 1737 1419 1816 destitutum,
1453 1739 1535 1799 inter

267 1840 384 1901 domos
408 1854 439 1902 et
462 1839 580 1903 fundos
605 1843 644 1902 ab
669 1861 732 1904 una
767 1842 918 1906 videlicet
952 1843 1143 1906 occidentali
1170 1857 1257 1926 parte
1283 1844 1366 1906 lwan
1392 1845 1532 1926 agricole

265 1946 488 2030 Scrobotbych
513 1947 589 2008 dicti
616 1962 646 2009 et
672 1948 792 2010 Mathie
823 1949 939 2011 literati
972 1948 1029 2010 lilii
1056 1949 1212 2010 lobannis
1237 1949 1418 2032 Swpanych
1443 1951 1532 2028 dicti,

264 2053 448 2114 concivium
474 2069 669 2133 nostrorum,
695 2067 725 2117 et
750 2055 831 2116 inter
848 2056 995 2134 domum,
1013 2055 1149 2117 fundum
1177 2069 1207 2117 et
1224 2055 1371 2118 hedificia
1397 2057 1530 2139 provide

263 2159 411 2221 mulieris
434 2160 519 2222 Dora
544 2162 704 2242 appellate
730 2160 982 2246 Gerycheychna
999 2162 1094 2238 dicte,
1119 2163 1159 2223 ab
1184 2161 1331 2223 orientali
1357 2175 1444 2243 parte
1470 2161 1524 2224 ha-

265 2266 382 2345 bitum,
407 2286 442 2328 ac
466 2267 552 2329 avia
577 2287 632 2328 seu
657 2268 761 2349 platea
780 2269 944 2330 communi
963 2269 1002 2330 ab
1020 2268 1200 2330 meridione
1224 2267 1343 2346 habita,
1368 2283 1398 2330 et
1423 2289 1522 2350 usque

261 2391 392 2434 murum
420 2373 503 2434 dicte
528 2373 665 2435 civitatis
689 2393 706 2434 a
730 2375 960 2456 septemtrione
977 2394 1010 2435 se
1034 2374 1293 2456 protendentem,
1310 2373 1450 2436 mediam
1468 2395 1521 2436 cu·

262 2478 345 2539 riam
369 2478 409 2540 ad
435 2498 528 2541 usum
553 2479 637 2541 dicte
662 2479 797 2542 civitatis
831 2480 862 2540 in
896 2499 929 2541 se
961 2479 1193 2558 continentem,
1224 2499 1403 2562 supernos
1427 2500 1462 2542 ea
1487 2500 1524 2542 ex

262 2584 393 2646 racione
411 2583 611 2664 devolutum,
637 2586 713 2666 quia
737 2584 878 2667 prefatus
902 2585 1039 2646 condam
1066 2585 1169 2646 Frane
1194 2585 1443 2664 molendinator,
1467 2585 1523 2646 sed

261 2709 322 2751 nec
346 2691 398 2751 sui
423 2689 567 2769 heredes,
592 2705 654 2752 tam
674 2691 797 2753 domini
825 2691 923 2752 nostri
941 2691 1035 2772 regis,
1060 2711 1157 2772 quam
1175 2691 1274 2752 eciam
1301 2704 1423 2752 nostras
1440 2711 1526 2752 com·

262 2817 378 2860 munes
395 2797 556 2870 collectas,
581 2799 767 2878 vigilaturas
791 2811 822 2860 et
845 2798 907 2859 alia
927 2810 1109 2880 opportuna
1136 2810 1242 2859 nostra
1267 2797 1399 2858 servicia
1424 2798 1523 2858 nostri

261 2905 293 2966 in
321 2903 464 2966 medium
489 2923 554 2965 non
588 2904 763 2986 explentes,
786 2901 911 2986 prefato
930 2903 1050 2965 Mathie
1076 2904 1202 2966 literato
1228 2902 1400 2986 Supanycb
1426 2903 1524 2981 dicto,

261 3009 387 3072 concivi
414 3023 524 3072 nostro
555 3029 591 3070 ac
623 3029 680 3092 per
715 3029 790 3071 eum
821 3009 887 3071 auis
920 3009 1092 3071 heredibus
1123 3029 1182 3092 pro
1206 3009 1369 3091 premissis
1392 3010 1474 3070 taxis
1499 3023 1529 3070 et

260 3117 441 3198 vigilaturis
465 3115 671 3177 vendidimus
703 3130 734 3178 et
765 3116 962 3178 contulimus
996 3115 1062 3197 jure
1094 3127 1251 3198 perpetuo
1277 3115 1528 3197 possidendum;

260 3224 312 3284 cui
337 3222 410 3284 date
433 3236 508 3283 sunt
531 3222 623 3284 litere
648 3235 755 3283 nostre
780 3221 1021 3284 communitatis
1044 3221 1270 3302 privilegiales.

369 3328 467 3402 Quod
493 3328 568 3411 quia
592 3329 641 3390 vir
665 3327 820 3410 providus
855 3343 886 3390 et
911 3327 1064 3390 honestus
1096 3327 1287 3388 Valentinus
1318 3341 1419 3388 sartor
1445 3327 1526 3388 Pon-

260 3453 354 3515 gracz
378 3433 493 3512 dictus,
517 3434 625 3495 senior
647 3433 768 3515 juratus
792 3447 823 3495 et
847 3434 989 3494 concivis
1007 3445 1125 3511 noster,
1151 3433 1182 3493 id
1206 3429 1377 3494 sufficienti
1404 3445 1434 3494 et
1460 3432 1524 3494 evi·

260 3541 349 3602 denti
374 3541 561 3602 testimonio
585 3540 795 3622 providorum
822 3539 963 3600 virorum
997 3538 1083 3601 Galli
1118 3538 1295 3621 Kodelycz,
1320 3539 1455 3599 senioris
1479 3537 1525 3618 ju·

260 3647 331 3724 rati,
367 3662 397 3707 et
432 3647 560 3708 Martini
598 3646 769 3728 arcuparis‚
805 3645 988 3706 concivium
1024 3657 1207 3706 nostrorum
1244 3664 1280 3706 ac
1316 3657 1524 3706 executorum

260 3753 442 3814 testamenti
468 3751 605 3813 condam
630 3751 764 3834 provide
789 3751 934 3813 mulieris
951 3755 1059 3830 Agnes
1084 3763 1196 3812 vocate
1215 3750 1387 3834 Duaychna
1412 3751 1522 3832 appel·

260 3858 335 3936 late,
360 3859 516 3920 consortis
529 3859 673 3920 eiusdem
690 3857 853 3919 Valentini
879 3857 1020 3935 sartoris,
1041 3857 1264 3938 comprobavit
1285 3875 1391 3917 coram
1418 3857 1510 3918 nobis

260 3978 296 4026 ut
321 3964 397 4026 dum
422 3965 488 4047 ipsa
514 3965 545 4026 in
571 3965 721 4026 extremis
744 3965 807 4026 vite
835 3983 891 4025 sue
922 3963 1109 4045 temporalia
1140 3963 1325 4044 laborasset,
1349 3977 1424 4025 tunc
1448 3964 1527 4044 ipso

261 4071 425 4152 quandam
450 4085 565 4133 terram
592 4090 682 4132 suam
708 4069 862 4132 arabilem
889 4070 919 4130 in
943 4088 1058 4150 campo
1083 4082 1192 4130 nostro
1216 4088 1272 4130 seu
1297 4069 1433 4130 civitatis
1457 4089 1525 4150 pre-

260 4175 326 4239 fate
351 4177 517 4262 lesycza
542 4177 712 4260 appellate,
745 4176 827 4238 inter
858 4189 974 4237 terram
1000 4174 1156 4236 lobannis
1187 4173 1243 4235 filii
1270 4174 1431 4256 Soldynar
1458 4194 1524 4236 mo·

261 4283 354 4345 derni
379 4283 483 4362 jurati,
508 4285 548 4345 ab
572 4284 706 4360 oriente,
735 4295 765 4343 et
798 4283 879 4343 inter
910 4295 1027 4342 terram
1052 4279 1165 4362 prefati
1199 4280 1361 4342 Valentini
1394 4281 1525 4342 sartoris

262 4390 424 4470 Pangracz
438 4390 525 4468 dicti,
538 4391 578 4452 ab
592 4389 770 4468 occidente,
784 4403 814 4450 et
831 4387 978 4448 similiter
995 4389 1076 4448 inter
1089 4387 1219 4448 terciam
1234 4401 1356 4469 partem
1374 4387 1521 4450 eiusdem

260 4509 356 4574 terre,
381 4515 477 4577 quam
504 4495 638 4578 provida
664 4495 795 4556 domina
813 4493 927 4556 Vrsula
948 4507 1059 4554 vocata
1091 4493 1200 4554 relicta
1225 4493 1361 4554 condam
1389 4493 1520 4574 Georgii

260 4599 409 4684 pellificis
433 4601 512 4663 olim
537 4599 643 4681 jurati,
668 4620 752 4663 nunc
777 4619 852 4662 vero
871 4619 1001 4661 consors
1025 4599 1182 4681 legittima
1201 4599 1356 4660 Johannis
1382 4599 1523 4680 cingula·

260 4707 339 4768 toria
362 4707 509 4769 similiter
532 4707 668 4770 senioris
684 4707 778 4788 jurati
804 4719 835 4767 et
859 4706 1001 4768 concivis
1022 4705 1133 4784 nostri,
1153 4707 1192 4766 ab
1218 4705 1332 4767 eodem
1358 4707 1523 4769 occidente

260 4813 439 4874 dinoscitur
463 4813 638 4893 possidere,
662 4813 767 4875 taliter
792 4828 823 4874 et
841 4812 998 4874 talimodo
1018 4811 1122 4872 eidem
1147 4811 1410 4872 testamentaliter
1436 4813 1521 4891 lega·

260 4922 368 5000 visset,
393 4921 481 5002 quod
506 4922 573 5003 ipse
598 4920 789 4985 Valentinus
821 4922 985 5000 Pongracz
1009 4933 1131 5002 septem
1165 4917 1246 4996 flor,
1279 4931 1354 4999 puta
1379 4917 1523 4999 quinque

261 5028 331 5092 flor.
357 5029 425 5090 auri
450 5029 626 5091 successive
652 5041 682 5090 et
706 5028 837 5110 quando
862 5027 978 5109 poterit
1002 5045 1059 5108 pro
1084 5024 1191 5086 anima
1216 5023 1360 5085 eiusdem
1389 5026 1522 5104 Agnetis

1435 5123 1453 5164 a
