3810 5806
642 1592 773 1695 (Anno
801 1592 958 1682 Domini
986 1592 1172 1696 MDXJX).

461 1959 494 2028 ln
524 1958 609 2030 festo
641 1958 899 2033 Purificacioais
938 1963 1035 2032 beate
1064 1961 1169 2032 llarie
1197 1960 1350 2050 virginis.

805 2139 847 2207 (2.
863 2132 1043 2210 februarii).

665 2277 677 2304 .

275 2319 398 2397 Litera
428 2323 472 2397 ad
502 2324 644 2398 domum
675 2324 806 2400 domini
836 2326 977 2425 plebani
1002 2327 1118 2404 sancti
1147 2325 1257 2404 Marci
1289 2329 1539 2428 ewangeliste,

275 2467 378 2545 quarn
409 2447 588 2522 dederunt
625 2448 844 2524 reverendus
883 2451 1046 2526 dominus
1076 2450 1316 2528 Rosoniensis
1346 2453 1539 2552 episcopus

580 2571 745 2649 Andreas
775 2581 813 2650 et
841 2572 1030 2650 Emericus
1060 2575 1237 2652 literatus.

381 2781 449 2844 Nos
482 2784 698 2844 communitas
730 2784 848 2846 civium
889 2785 1025 2848 civitatis
1058 2785 1349 2864 Montisgrecensis.
1383 2786 1539 2848 Memorie

275 2888 542 2950 commendamus
565 2902 677 2950 tenore
702 2890 903 2971 presencium
931 2889 1146 2971 significantes
1170 2891 1289 2972 quibus
1312 2891 1441 2972 expedit
1468 2891 1537 2952 uni·

274 2994 385 3057 versis.
411 2994 509 3069 Quod
540 2997 736 3058 reverendus
768 2997 800 3058 iu
826 2997 957 3060 Christo
988 3013 1077 3081 pater
1106 2998 1257 3060 dominus
1288 2999 1433 3060 Andreas
1458 2998 1539 3080 epis·

274 3120 376 3183 copus
400 3103 611 3165 Rosoniensis
634 3104 903 3185 suffraganeuaac
928 3104 1174 3167 archidiaconus
1208 3105 1248 3166 de
1274 3105 1409 3166 Kenrlek
1435 3119 1465 3166 et
1489 3123 1538 3166 ca·

274 3210 410 3270 nonicus
434 3210 567 3271 ecclesie
593 3211 809 3291 zagrabiensis
832 3224 903 3288 etc.‚
928 3231 964 3272 ac
994 3211 1112 3273 nobilis
1136 3213 1191 3292 (et)
1216 3211 1468 3292 circumspectus
1492 3210 1540 3271 vir

274 3315 441 3378 Emericus
465 3316 609 3378 literatus
628 3316 811 3401 Mykwlych
836 3318 950 3396 dictus,
973 3316 1011 3378 de
1030 3317 1146 3396 Crisi0,
1165 3317 1272 3380 senior
1295 3317 1391 3400 judex
1416 3331 1447 3378 et
1463 3336 1538 3378 con·

273 3423 353 3484 civis
377 3437 495 3503 noster,
521 3439 663 3486 nostram
693 3424 905 3507 personaliter
936 3423 1102 3486 venientes
1134 3424 1166 3485 in
1199 3424 1400 3506 presencium
1425 3439 1539 3505 sponte

275 3528 412 3592 confessi
437 3543 511 3592 sunt
536 3531 567 3591 in
592 3529 678 3592 hunc
702 3529 855 3591 modum:
889 3530 1026 3611 qualiter
1059 3530 1118 3612 ipsi
1152 3545 1275 3592 matura
1305 3531 1424 3591 introse
1460 3529 1538 3590 deli-

275 3637 447 3698 beracione
471 3655 530 3718 pro
556 3635 723 3718 refrigerio
748 3637 928 3697 animarum
961 3655 1090 3697 suarum
1117 3636 1234 3717 pariter
1258 3655 1294 3697 ac
1319 3635 1538 3697 vicisitudina·

274 3743 346 3804 liter
369 3744 531 3824 quandam
558 3745 692 3806 domum
717 3757 875 3806 muratam
901 3759 931 3805 et
956 3745 1038 3806 bene
1067 3742 1248 3806 edificatam
1273 3744 1373 3826 ipsius
1398 3743 1537 3805 Emerici

275 3851 391 3912 literati
417 3851 449 3911 in
474 3851 558 3913 dicta
585 3851 712 3913 civitate
730 3865 837 3914 nostra
850 3870 950 3933 prope
969 3849 1137 3912 ecclesiam
1156 3863 1298 3912 nostram
1321 3849 1422 3911 sancti
1440 3849 1538 3911 Marci

274 3956 480 4038 ewangeliste
505 3958 587 4019 inter
611 3957 746 4019 domum
772 3957 856 4020 Petri
885 3958 1002 4020 literati
1035 3959 1075 4018 ab
1100 3956 1267 4019 occidente
1292 3976 1327 4018 ac
1353 3957 1435 4018 inter
1460 3957 1539 4018 duas

272 4062 395 4145 plateas
418 4083 608 4126 communes
632 4083 649 4125 a
674 4063 877 4127 meridionali
902 4077 933 4126 et
945 4063 1094 4126 orientali
1112 4064 1266 4146 partibus,
1295 4083 1313 4124 a
1335 4063 1539 4146 septemtrio·

273 4169 337 4230 nali
359 4189 437 4231 vero
470 4184 559 4252 parte
592 4171 709 4233 domus
740 4170 895 4233 heredum
927 4190 983 4232 seu
1014 4189 1234 4232 successorum
1263 4170 1401 4231 condam
1426 4169 1537 4232 Jacobi

272 4274 385 4337 decani
418 4276 498 4338 olim
531 4277 673 4339 concivis
704 4277 803 4339 nostri
836 4277 977 4339 habitam
1010 4291 1040 4340 et
1072 4277 1281 4356 existentem,
1313 4276 1538 4358 cuiusquidem

272 4381 387 4444 domus
411 4396 535 4445 mutate
560 4396 682 4466 partem
707 4383 848 4445 mediam
865 4383 1007 4466 prefatus
1025 4383 1179 4446 dominus
1196 4383 1342 4445 Andreas
1366 4383 1538 4466 episcopus

273 4487 485 4550 Rusoniensis
509 4502 568 4552 etc.
593 4491 633 4550 ab
655 4489 726 4571 ipso
745 4489 893 4551 Emerico
917 4489 1044 4552 literato
1060 4489 1208 4552 ducentis
1232 4489 1362 4552 florenis
1386 4490 1455 4552 auri
1473 4509 1539 4570 quo

272 4594 312 4655 ad
336 4609 459 4676 partem
484 4615 574 4657 suam
599 4596 678 4658 emit
710 4609 740 4657 et
772 4596 1003 4680 appropriavit,
1028 4596 1162 4679 ipseque
1195 4597 1362 4658 Emericus
1394 4596 1539 4658 literatus

272 4701 370 4763 aliam
394 4701 601 4764 medietatem
626 4702 710 4764 dicte
735 4703 851 4765 domus
884 4722 940 4765 sue
965 4716 1090 4765 mutate
1122 4703 1270 4765 similiter
1294 4703 1454 4765 valentem
1480 4701 1538 4763 du·

273 4822 382 4870 centos
405 4807 546 4870 florenos
569 4827 635 4890 quo
660 4809 700 4870 ad
725 4821 848 4891 partem
872 4829 963 4872 suam
998 4809 1087 4871 dedit
1111 4823 1143 4872 et
1167 4810 1350 4889 resignavit,
1374 4809 1418 4871 sic
1443 4809 1540 4890 igitur

273 4915 368 4977 ambo
393 4916 588 4978 unanimiter
613 4936 648 4978 ac
674 4916 813 4978 invicem
830 4917 898 4999 pari
923 4930 955 4979 et
971 4917 1117 4979 unanimi
1143 4919 1287 5000 ipsorum
1312 4917 1477 4979 voluntate
1494 4915 1534 4978 ad

274 5021 440 5085 ecclesiam
465 5037 608 5085 nostram
642 5021 799 5106 prefatam
831 5024 931 5086 sancti
964 5023 1063 5086 Marci
1096 5023 1304 5107 ewangeliste
1329 5037 1359 5085 et
1382 5043 1439 5108 per
1463 5041 1538 5084 con-
