3840 5800
419 588 482 670 276
985 585 1137 651 Rationes.

524 801 601 863 ltem
624 803 758 864 sabbato
782 815 855 863 ante
888 802 1085 864 dominicam
1118 803 1420 884 Ramispalmarum,
1445 803 1516 864 misi
1541 803 1679 865 Pekzam

418 910 458 970 ad
483 909 617 972 domum
641 929 731 972 suam
757 923 788 972 et
811 909 917 970 eidem
941 909 981 971 ad
1005 908 1185 972 subsidium
1210 909 1359 972 dedi...
1384 911 1442 973 sol.
1469 909 1504 974 Is.

526 1014 604 1078 Item
630 1015 761 1097 quando
785 1015 912 1078 Franko
941 1017 1069 1078 recessit
1093 1015 1133 1078 ad
1158 1015 1292 1078 domum
1316 1037 1389 1078 cum
1415 1018 1506 1098 equis
1529 1032 1680 1099 quatuor,

422 1121 496 1183 dedi
522 1123 550 1184 ei
575 1142 805 1205 expensas...
828 1122 887 1184 sol.
911 1122 946 1186 Il.

530 1227 689 1310 Gregorio
714 1228 926 1312 Kerdegbazy
943 1277 949 1292 .
967 1277 993 1290 ..
1017 1230 1076 1294 sol.
1101 1229 1134 1294 1⁶.

523 1333 601 1397 Item
633 1336 666 1396 in
697 1334 861 1396 dominica
900 1335 1213 1418 Ramispalmarum,
1256 1335 1319 1396 cmi
1352 1335 1404 1396 hic
1435 1335 1476 1396 ad
1507 1333 1683 1396 familiares

419 1441 544 1504 domini
567 1441 741 1523 pisces...
765 1440 824 1504 sol.
847 1437 976 1503 XXXll.

526 1548 598 1610 Misi
623 1547 662 1608 ad
688 1545 797 1630 Garyg
821 1547 997 1629 pisces...
1020 1549 1079 1612 sol.
1104 1547 1200 1612 LXX.

524 1670 602 1734 Item
627 1669 706 1732 feria
730 1671 869 1733 secunda
887 1686 959 1754 post
983 1672 1199 1734 dominicam:
1218 1673 1510 1755 Ramispalmarum
1529 1671 1600 1732 misi
1620 1671 1682 1732 De-

421 1780 571 1841 metrium
595 1798 730 1861 parvum
755 1797 829 1839 cum
855 1779 1001 1840 iohanne
1023 1778 1182 1842 Gedroczi
1201 1779 1337 1860 Budam,
1363 1793 1394 1843 et
1417 1780 1538 1843 eisdem
1564 1779 1604 1839 ad
1629 1799 1681 1838 ex-

421 1906 535 1968 pensas
561 1885 709 1946 dedi...
737 1885 796 1948 sol.
818 1883 853 1948 I0.

527 1989 605 2052 Item
631 1989 709 2052 feria
733 1991 831 2052 tercia
856 1991 930 2052 dedi
956 1992 1057 2054 Paulo
1074 1993 1216 2074 sellipari
1240 2013 1299 2076 pro
1323 1994 1537 2056 serviciis...
1561 1995 1620 2057 sol.
1637 1992 1685 2057 Ile.

528 2095 605 2159 Item
638 2095 715 2157 feria
748 2111 860 2178 quarta
891 2111 966 2160 ante
999 2099 1161 2161 Ambrosii
1194 2099 1323 2161 Andree
1368 2099 1504 2181 pixidari
1541 2101 1614 2162 dedi
1650 2102 1682 2161 in

422 2202 577 2267 Gemlech
681 2204 739 2266 sol.
764 2203 797 2266 le.

525 2308 647 2371 Ibidem
673 2310 780 2371 Blasio
804 2311 940 2392 agazoni
958 2359 964 2372 .
981 2359 1012 2373 ..
1035 2311 1094 2374 sol.
1117 2310 1240 2376 XXXII.

528 2432 669 2513 Georgio
695 2432 785 2495 fabro
810 2434 850 2495 de
874 2433 1013 2496 Chasma
1038 2454 1096 2517 pro
1126 2436 1335 2498 babatacione
1352 2489 1357 2498 .
1376 2485 1405 2498 ..
1439 2437 1496 2500 sol.
1520 2435 1617 2500 XXV.

523 2537 608 2602 'Item
634 2541 749 2602 eodem
774 2542 826 2602 die
851 2541 926 2602 dedi
950 2541 1071 2602 ibidem
1098 2542 1197 2604 Paulo
1230 2545 1364 2622 agazoni
1384 2593 1389 2606 .
1407 2593 1437 2606 ..
1461 2545 1519 2608 sol.
1542 2543 1640 2607 XXV.

528 2647 635 2708 Blasio
659 2647 727 2710 Lab
752 2647 900 2709 similiter
923 2650 1058 2729 3332ουί
1078 2698 1084 2710 .
1102 2699 1107 2711 .
1127 2697 1132 2709 .
1156 2650 1213 2712 sol.
1237 2647 1334 2714 XXV.

526 2751 604 2814 Item
628 2771 684 2834 per
708 2751 798 2831 festa,
822 2773 886 2836 que
910 2752 1039 2816 luerunt
1062 2769 1136 2817 ante
1160 2754 1287 2836 festum,
1313 2757 1408 2819 Pasce
1433 2757 1580 2820 distribui
1607 2778 1684 2840 psu-

423 2859 576 2940 peribus.
596 2906 601 2915 .
621 2908 627 2920 .
651 2859 709 2922 sol.
730 2858 857 2923 XXXII.

527 2981 605 3044 Item
631 2984 663 3044 in
689 3003 806 3065 magno
830 2987 964 3047 sabbato
989 2985 1064 3046 dedi
1090 2986 1240 3049 Michaeli
1272 2990 1407 3069 agazoni
1425 3038 1432 3051 .
1449 3038 1479 3052 ..
1502 2990 1561 3052 sol.
1583 2989 1618 3053 Ie.

528 3090 666 3152 Johanni
691 3091 813 3153 Koniar
836 3092 1010 3173 pediti...
1036 3093 1096 3154 sol.
1123 3094 1157 3157 L.

528 3196 693 3258 Demetrio
714 3197 842 3279 Wayda
859 3248 866 3260 .
884 3248 913 3261 ..
937 3199 996 3262 sol.
1021 3201 1056 3262 L.

525 3300 601 3364 Item
628 3301 706 3364 feria
729 3305 871 3366 secunda
895 3319 967 3387 post
991 3303 1108 3367 festum
1134 3306 1231 3368 Pasce
1265 3307 1339 3369 dedi
1365 3309 1460 3371 Petro
1485 3308 1617 3392 pellifici
1645 3311 1685 3371 de

422 3421 530 3468 sancta
556 3407 660 3469 Cruce
678 3458 684 3470 .
703 3456 708 3468 .
728 3457 734 3470 .
758 3411 817 3472 sol.
840 3409 875 3473 1⁶.

527 3512 605 3575 Item
630 3513 707 3576 feria
732 3516 828 3576 tercia
854 3517 925 3578 misi
952 3518 1081 3578 Petrum
1108 3517 1195 3579 Oroz
1212 3539 1270 3602 pro
1295 3521 1488 3602 quibusdam
1515 3523 1619 3584 bobus
1645 3523 1685 3583 ad

423 3618 720 3698 Pechwaradinum‚
744 3635 775 3683 et
799 3623 899 3684 eciam
925 3624 964 3684 ad
990 3625 1130 3704 quedam
1164 3623 1245 3686 facta
1271 3627 1353 3686 circa
1380 3627 1544 3692 Matheum
1570 3631 1686 3690 castel-

422 3724 545 3804 lanum,
569 3727 662 3788 etad
687 3746 842 3809 expensas
866 3729 941 3790 dedi
966 3729 1068 3791 ei...
1095 3731 1153 3792 sol.
1179 3729 1274 3794 LXX.

530 3847 607 3910 Item
642 3849 719 3912 feria
751 3866 837 3913 sexta
869 3866 941 3933 post
973 3853 1068 3914 Pasca
1095 3854 1270 3916 Benedicto
1310 3856 1439 3918 Kwstek
1469 3857 1500 3918 iu
1527 3856 1685 3921 Gemlech

424 3954 523 4017 dedi.
565 3957 654 4021 ,sol
676 3957 709 4022 1⁰.

529 4061 667 4124 Johanni
691 4063 810 4146 lech
828 4113 834 4126 .
852 4112 882 4126 ..
906 4065 965 4127 sol.
988 4063 1053 4138 10L.

530 4167 608 4228 lane
632 4168 778 4230 Bohemo
796 4218 802 4230 .
822 4217 854 4233 ..
878 4170 938 4233 sol.
965 4172 1000 4235 L.

528 4288 606 4352 Item
630 4290 707 4353 feria
732 4294 872 4355 secunda
895 4309 968 4376 post
999 4311 1128 4358 octavas
1155 4299 1417 4361 Resurrectionis
1443 4301 1585 4382 Domini,
1611 4305 1686 4366 Pre-

424 4395 587 4456 bendariis
611 4397 743 4459 ecclesie
775 4401 990 4481 zagrabiensis
1022 4422 1080 4485 pro
1104 4404 1210 4464 missis
1245 4405 1438 4468 annualibus
1464 4409 1496 4468 in
1521 4410 1686 4472 sallarium

424 4502 498 4562 dedi
523 4502 555 4562 in
581 4502 738 4566 Gemlech
756 4555 762 4567 .
783 4555 814 4568 ..
840 4508 898 4568 sol.
923 4506 1015 4573 Xffle.

531 4609 729 4692 Pauperibus
752 4613 976 4676 distribui...
1002 4616 1061 4680 sol.
1084 4616 1147 4682 VII.

529 4730 607 4795 Item
633 4733 711 4796 feria
743 4751 857 4816 quarta
887 4753 960 4821 post
992 4753 1138 4804 octavam
1171 4745 1443 4825 Resurreccionis,
1472 4749 1504 4809 in
1529 4748 1688 4812 Gemlech

425 4837 499 4898 dedi
525 4836 668 4919 Georgio
693 4839 783 4903 fabro
808 4843 986 4906 chasmensi
1011 4867 1069 4928 pro
1094 4850 1305 4912 babatscione
1324 4901 1330 4914 .
1350 4903 1383 4915 ..
1409 4855 1467 4915 sol.
1492 4854 1528 4918 L.

531 4944 693 5007 Candelas
717 4949 853 5012 emi...
879 4952 939 5016 sol.
963 4950 1016 5015 VI.

531 5048 607 5110 Item
634 5051 710 5113 seria
735 5069 848 5134 quarta
871 5072 943 5138 post
976 5059 1171 5121 dominicam
1213 5063 1312 5135 Quasi
1338 5066 1449 5144 modo,
1483 5087 1541 5148 per
1566 5068 1686 5130 Lucam
