3804 5798
773 512 960 573 Inventan'a.
1444 533 1504 595 2¹3

347 723 426 786 Item
450 737 523 786 sunt
548 723 611 785 due
635 722 791 802 custodie,
816 742 953 806 quarum
971 743 1034 788 una
1059 739 1105 787 est
1129 725 1255 788 subtilis
1278 726 1380 789 serico
1405 745 1505 789 aureo

241 845 338 909 terta,
363 829 426 892 alia
451 849 527 891 vero
552 843 599 892 est
623 829 761 912 simplex
786 843 817 891 et
840 830 1019 912 corporalia
1044 829 1121 893 duo.

348 936 426 998 Item
451 937 565 998 eadem
589 955 642 998 ara
665 935 761 998 habet
784 955 882 997 unam
907 936 1083 1018 ampullam
1101 957 1160 1019 pro
1185 937 1261 999 vino
1286 935 1458 1000 officiantis
1475 951 1507 1000 et

243 1043 339 1105 aliam
358 1062 417 1125 pro
434 1061 517 1123 aqua
549 1042 765 1124 ponderantes
796 1041 923 1104 lotones
947 1042 1098 1104 undecim
1131 1057 1162 1106 et
1190 1043 1345 1124 medium,
1372 1044 1404 1105 in
1422 1057 1506 1106 certa

243 1161 332 1231 parte
358 1148 520 1210 deaurate.

348 1253 426 1315 ltem
450 1273 512 1335 pax
536 1267 686 1335 argentea
710 1267 776 1316 tota
800 1254 953 1316 deaurata
985 1274 1058 1316 cum
1090 1253 1223 1316 chatena
1247 1268 1397 1336 argentea
1422 1255 1506 1316 bona

242 1374 274 1423 et
296 1361 418 1442 optima
442 1359 626 1440 ponderans
650 1379 710 1442 pax
733 1379 807 1422 cum
831 1360 966 1422 chatena
990 1361 1116 1423 lotones
1133 1409 1140 1423 .
1155 1408 1187 1424 ..

348 1465 426 1527 Item
450 1465 580 1527 stallum
604 1466 748 1528 eiusdem
773 1486 826 1528 are
848 1466 969 1528 habens
986 1481 1092 1549 tapete
1117 1485 1217 1528 unum
1236 1467 1360 1528 bonum
1385 1482 1416 1528 et
1440 1486 1506 1530 tna·

242 1591 356 1653 gnum,
370 1571 459 1655 quod
483 1591 541 1654 per
564 1585 719 1634 rectorem
744 1593 798 1636 are
821 1573 855 1636 in
881 1571 1108 1636 festivitatibus
1131 1586 1236 1635 totum
1261 1573 1450 1636 solennibus
1466 1572 1506 1634 ad

242 1677 371 1740 stallum
398 1677 495 1740 debet
518 1679 608 1760 poni.
986 1751 992 1759 ¹

349 1783 427 1846 ltem
452 1801 504 1845 ara
530 1784 644 1846 eadem
669 1783 766 1846 habet
797 1804 898 1847 unum
931 1787 1054 1847 bonum
1079 1798 1110 1847 et
1141 1803 1262 1846 novum
1287 1782 1416 1846 Missale
1440 1801 1506 1844 ma-

242 1908 343 1970 gnum
367 1888 545 1952 secundum
571 1890 836 1953 consuetudinem
861 1891 1114 1972 zagrabiensem.

350 1995 427 2058 ltem
464 1995 529 2056 duo
562 1995 754 2058 candelabra
787 2015 903 2078 cuprea
936 1996 1080 2058 eiusdem
1114 2015 1167 2058 are
1200 2009 1231 2056 et
1255 1996 1402 2057 cussinus
1424 2014 1507 2056 unus

242 2103 298 2185 qui
322 2101 453 2184 ponitur
476 2103 536 2163 sub
560 2102 643 2163 libro
668 2115 812 2184 tempore
839 2101 1071 2165 celebracionis
1096 2102 1200 2180 misse,
1225 2115 1296 2164 cute
1322 2101 1462 2166 indutus,

349 2206 426 2268 ltem
458 2220 561 2269 rector
601 2207 746 2268 eiusdem
788 2227 841 2270 are
873 2209 1034 2271 tenebitur
1069 2221 1101 2270 et
1139 2207 1199 2270 erit
1241 2207 1402 2289 obligatus
1437 2227 1507 2290 per·

242 2327 339 2396 petuo
364 2312 469 2374 dicere
493 2313 526 2374 in
550 2312 731 2375 ebdomada
756 2314 834 2376 duas
856 2315 978 2394 missas,
1004 2333 1100 2376 unam
1130 2312 1207 2375 leria
1232 2314 1383 2393 secunda,
1417 2313 1506 2376 vide-

244 2417 337 2480 licet:
362 2417 533 2500 Requiem,
558 2437 631 2480 cum
648 2418 750 2481 tribus
767 2419 927 2496 collectis;
948 2420 1050 2502 prima
1068 2419 1202 2482 collecta
1226 2439 1286 2502 pro
1310 2419 1507 2502 parentibus,

244 2525 276 2586 in
302 2525 379 2604 vita,
403 2539 475 2607 post
499 2539 635 2587 mortem
661 2545 737 2588 vero
766 2524 946 2588 fundatoris
977 2525 1130 2609 predicti:
1157 2526 1284 2588 ›Presta
1309 2544 1503 2607 quesumus«

243 2649 302 2713 pro
334 2629 519 2709 sacerdote,
552 2629 728 2693 secundam
759 2650 818 2713 pro
859 2632 1104 2711 commendatis,
1139 2631 1289 2696 terciam:
1324 2631 1506 2694 ›Fidelium

244 2738 323 2800 deus
347 2751 428 2800 etc«

351 2843 430 2906 ltem
448 2845 623 2906 secundam
641 2846 770 2907 missam
787 2846 939 2908 sabbato:
956 2845 996 2907 de
1013 2845 1249 2928 Assumpcione
1272 2844 1505 2927 gloriosissime

243 2951 376 3033 virginis
401 2951 512 3030 Marie,
537 2951 684 3014 similiter
708 2972 781 3014 cum
806 2953 908 3014 tribus
939 2952 1092 3031 collectis,
1115 2952 1236 3035 prima:
1261 2953 1354 3015 beate
1377 2951 1506 3032 virgini,

243 3057 402 3121 secunda:
431 3059 558 3120 »Pressa
576 3078 749 3140 quesemus
766 3059 974 3142 omnipotens
990 3059 1110 3137 Deus«,
1133 3078 1192 3140 pro
1216 3059 1391 3138 sacerdote,
1408 3058 1507 3120 tercia

244 3186 321 3228 vero
346 3166 386 3228 de
410 3140 563 3229 omniblrs
586 3167 712 3230 sanctis.
