3804 5798
782 541 969 604 Inventaria.
1443 568 1501 630 ¹79

240 747 394 829 ponderis
417 749 514 811 trium
539 769 729 830 marcarum,
762 767 886 834 reperta
920 767 967 814 est
993 755 1102 817 tabula
1136 757 1168 818 in
1193 755 1380 839 fragmentis
1405 775 1502 840 prout

240 855 272 915 in
296 855 431 936 antiquo
463 870 605 938 regestro
637 857 790 940 scriptum
822 874 877 922 est.
915 864 964 936 (In
995 867 1147 939 margine:
1176 865 1334 946 Repertus
1366 879 1422 946 est,
1445 866 1501 928 sed

241 980 338 1024 unam
361 963 590 1025 tantummodo
614 964 712 1026 habet
734 967 880 1029 tabulam
908 967 1065 1050 integram
1091 970 1123 1030 in
1147 971 1303 1054 superiori
1340 987 1430 1054 parte
1454 972 1499 1036 al-

239 1067 344 1150 fixam,
369 1069 504 1133 duarum
531 1085 637 1134 autem
663 1072 845 1135 tabularum
862 1089 969 1136 tamen
986 1077 1077 1156 pecie
1101 1091 1225 1160 reperte
1249 1093 1280 1140 et
1303 1081 1442 1162 reposite
1468 1081 1500 1142 in

239 1177 359 1260 calice).

345 1284 423 1346 Item
448 1304 532 1348 unus
555 1285 637 1348 alius
661 1286 743 1348 calix
760 1303 833 1349 cum
858 1301 973 1370 patena
998 1309 1066 1368 sua,
1090 1289 1129 1351 de
1154 1290 1262 1372 lapide
1286 1293 1408 1371 onixio,
1425 1312 1497 1354 cum

237 1404 369 1472 argento
394 1391 531 1475 desuper
555 1409 586 1454 et
610 1393 643 1454 in
675 1393 756 1476 pede
778 1395 971 1476 quibusdam
996 1395 1168 1478 lapidibus,
1201 1397 1369 1460 videlicet:
1395 1400 1496 1460 tribus

237 1497 381 1579 saphiris,
415 1511 554 1580 quatuor
584 1501 726 1581 granatis
758 1501 970 1563 orientalibus
1006 1515 1037 1564 et
1067 1523 1120 1563 sex
1150 1502 1325 1585 thurquisis
1349 1519 1379 1566 et
1403 1506 1499 1587 perlis

237 1605 361 1686 magnis
386 1605 416 1666 in
442 1606 522 1668 locis
554 1608 743 1668 necessariis
776 1608 945 1690 impositis,
980 1608 1134 1692 ponderis
1158 1609 1294 1672 duarum
1319 1631 1495 1674 marcarum

235 1731 305 1773 cum
331 1711 438 1774 media
463 1713 562 1775 medii
581 1693 807 1793 nehezekonis,
833 1713 940 1778 deficit
964 1736 1028 1778 una
1046 1716 1133 1798 perla
1147 1718 1187 1778 ab
1212 1717 1328 1781 eodem
1355 1719 1386 1780 in
1404 1719 1496 1801 pede,

234 1832 329 1899 prout
353 1820 386 1882 in
410 1821 543 1902 registro
568 1823 703 1903 antiquo
727 1821 888 1902 signatum
913 1835 969 1886 est.
1002 1827 1052 1900 (ln
1076 1829 1228 1900 margine:
1258 1825 1416 1908 Repertus
1440 1839 1497 1905 est,

233 1924 288 1986 sed
313 1937 428 2008 patena
453 1925 559 1988 deficit
582 1941 613 1990 et
637 1947 719 1989 unus
735 1941 888 2010 granatus
913 1929 945 1990 in
970 1928 1073 2010 pede).

339 2031 417 2094 ltem
443 2053 526 2094 unus
550 2033 633 2094 alius
657 2034 739 2096 calix
764 2053 837 2095 cum
855 2047 970 2116 patena
994 2055 1062 2114 sua,
1086 2035 1126 2096 de
1143 2049 1287 2117 argeum,
1311 2037 1495 2117 deauratus,

232 2137 327 2217 altus,
352 2140 384 2200 in
410 2140 500 2201 cuius
522 2141 604 2222 pede
630 2154 703 2202 sunt
720 2160 773 2202 sex
798 2139 899 2222 ligure
915 2140 1082 2218 smaldate‚
1106 2141 1185 2202 etin
1204 2143 1291 2204 nodo
1315 2163 1368 2204 sex
1387 2144 1492 2204 medie

231 2242 331 2326 figure
356 2245 388 2307 in
412 2247 538 2307 smaldo
562 2247 685 2328 positis,
703 2246 856 2328 ponderis
873 2247 969 2308 trium
987 2267 1164 2308 marcatum
1190 2261 1220 2310 et
1245 2247 1309 2310 duo
1335 2249 1491 2334 nehezyk,

230 2365 361 2434 propter
384 2366 573 2415 vetustatem
598 2353 748 2414 diminuti
766 2367 839 2414 sunt
864 2353 929 2414 duo
947 2353 1102 2436 nehezyk,
1127 2352 1234 2415 deficit
1251 2368 1379 2435 patena,
1396 2370 1492 2437 prout

229 2458 262 2518 in
287 2459 422 2540 antiquo
447 2473 587 2540 regestro
612 2473 658 2520 est
680 2461 854 2541 signatum.

337 2565 415 2628 ltem
440 2587 523 2628 unus
547 2567 629 2628 alius
646 2567 728 2627 calix
753 2566 793 2628 de
818 2578 962 2647 argento,
980 2567 1162 2643 deauratus,
1187 2585 1258 2626 cum
1285 2579 1400 2647 patena
1424 2587 1493 2647 sua,

228 2673 372 2754 signatus
395 2674 453 2734 sub
479 2673 560 2754 pede
585 2693 689 2752 cruce,
720 2671 872 2756 ponderis
905 2671 1042 2732 duarum
1075 2691 1254 2760 marcarum
1288 2691 1359 2733 cum
1386 2674 1490 2734 media

228 2793 259 2840 et
282 2778 467 2860 quindecim
494 2779 648 2864 nehezyk.
675 2769 827 2860 Magister
861 2777 1006 2839 Andreas
1038 2776 1180 2840 Polonus
1212 2777 1309 2840 habet
1332 2799 1416 2842 eum.
1441 2783 1492 2858 (ln

226 2907 379 2964 margme:
403 2887 476 2948 Non
501 2887 646 2966 habetur,
671 2887 747 2968 quia
772 2907 836 2947 non
870 2885 960 2947 dedit
985 2905 1060 2946 eum
1094 2886 1151 2946 iste
1176 2885 1330 2963 Polonus,
1354 2886 1410 2948 sed
1434 2885 1489 2947 do-

227 2995 334 3054 minus
358 2992 577 3074 suffraganeus
601 2993 792 3076 promiserat
815 3012 874 3074 pro
904 3011 943 3052 eo
967 2990 1175 3068 satisfacere.)

332 3101 411 3162 Item
435 3101 517 3161 alius
541 3100 622 3162 calix
648 3120 721 3162 cum
751 3113 865 3182 patena
899 3119 966 3177 sua,
999 3099 1038 3160 de
1071 3113 1214 3182 argent0,
1246 3099 1426 3178 deauratus,
1451 3102 1489 3161 de

225 3207 322 3268 simili
348 3227 444 3289 opere
469 3227 542 3268 cum
564 3207 761 3289 precedenti,
786 3207 929 3288 signatus
953 3206 1012 3267 sub
1037 3205 1118 3287 pede
1141 3205 1247 3272 litera:
1275 3209 1312 3266 A.
1337 3206 1489 3288 ponderis

224 3313 361 3374 duarum
386 3333 565 3374 marcarum
590 3332 662 3374 cum
688 3312 822 3373 dimidia
850 3325 880 3372 et
904 3327 1026 3393 septem
1052 3311 1209 3394 nehezyk,

332 3420 410 3483 ltem
435 3440 518 3482 unus
542 3419 624 3481 alius
650 3419 729 3480 calix
763 3438 836 3480 cum
867 3434 982 3500 patena
1006 3439 1073 3496 sua,
1106 3419 1287 3498 deauratus,
1311 3417 1431 3480 habens
1455 3421 1486 3482 in
1584 3407 1589 3420 ¹

224 3527 306 3608 pede
333 3541 472 3608 quatuor
495 3525 637 3588 smaldos
661 3545 733 3587 cum
764 3525 879 3587 mediis
903 3523 1031 3606 figuris,
1064 3538 1095 3586 et
1118 3543 1213 3607 supra
1237 3538 1388 3608 patenam
1414 3547 1486 3588 cum

223 3651 342 3712 magno
368 3632 419 3694 dei
444 3637 510 3708 (sic)
535 3633 566 3693 in
592 3633 718 3693 smaldo
742 3631 859 3714 posito,
885 3645 915 3693 et
938 3635 997 3692 sub
1026 3631 1108 3714 pede
1133 3651 1206 3693 eum
1230 3632 1341 3694 litera:
1366 3633 1401 3694 B.
1425 3634 1486 3715 sig-

222 3751 327 3817 natus,
350 3737 503 3820 ponderis
528 3738 623 3800 unius
647 3757 752 3800 marce
777 3758 850 3800 cum
875 3738 980 3800 media
1014 3751 1044 3800 et
1068 3736 1208 3798 sedecim
1236 3737 1392 3820 nehezyk,
1417 3759 1485 3800 om-

222 3845 301 3906 nino
326 3843 443 3907 fractus
467 3859 523 3924 est,
549 3858 580 3906 et
597 3843 750 3907 deficiunt
768 3845 833 3906 duo
851 3844 1006 3927 nehezyk,
1024 3858 1120 3927 prout
1138 3845 1169 3905 in
1194 3845 1328 3925 antiquo
1352 3846 1485 3926 registro

222 3967 270 4014 est
293 3953 466 4034 signatum.

329 4061 405 4122 Item
430 4080 513 4122 unus
538 4061 618 4122 calix
652 4081 725 4122 cum
757 4073 872 4143 patena
908 4081 975 4140 sua,
1009 4060 1048 4122 de
1073 4073 1216 4141 argento,
1248 4059 1429 4140 deauratus,
1453 4063 1484 4122 in

219 4167 311 4228 cuius
327 4181 442 4248 patena
459 4178 506 4227 est
522 4167 629 4247 imago
648 4169 737 4229 beate
756 4167 855 4228 Marie
873 4167 1015 4248 virginis,
1033 4180 1140 4227 sancte
1158 4165 1331 4228 Katherine
1350 4167 1484 4248 virginis

221 4274 253 4334 in
278 4272 404 4334 smaldo
428 4273 543 4356 posita,
569 4285 600 4334 et
632 4274 690 4334 sub
716 4273 803 4334 nodo
835 4273 926 4334 litere
951 4293 1008 4334 seu
1039 4273 1210 4354 scriptum:
1238 4272 1381 4334 Calicem
1407 4273 1483 4337 fecit

219 4377 288 4440 fieri
314 4379 399 4441 lwan
433 4379 606 4440 canonicus
637 4379 676 4440 de
711 4379 910 4456 Marawcha;
945 4379 1082 4440 donatus
1113 4379 1246 4440 ecclesie
1278 4399 1334 4460 per
1359 4381 1481 4442 dictum

220 4485 391 4547 dominum
417 4485 571 4565 lwanum‚
596 4486 739 4567 signatus
762 4487 821 4547 sub
846 4485 927 4567 pede
949 4485 1057 4547 litera:
1093 4485 1145 4562 H,
1169 4484 1322 4567 ponderis
1346 4485 1482 4548 duarum

219 4611 399 4654 marcarum
423 4609 495 4652 cum
521 4591 656 4652 dimidia
681 4592 787 4654 minus
811 4592 912 4653 tribus
937 4591 1165 4654 nehezekonis.

323 4694 404 4760 Item
430 4717 512 4759 unus
536 4698 617 4760 alius
641 4699 812 4761 calixtum
838 4711 954 4780 patena
971 4718 1038 4776 sua,
1068 4698 1106 4758 de
1132 4709 1275 4777 argento,
1301 4697 1481 4776 deauratus,

220 4805 251 4864 in
278 4804 365 4866 nodo
398 4804 519 4866 habens
551 4805 659 4866 literas
691 4805 840 4886 scriptas:
875 4805 960 4868 nVE
994 4803 1150 4882 MARIA,
1182 4803 1426 4886 supramodum
1452 4817 1482 4864 et

218 4911 320 4971 eciam
346 4912 404 4972 sub
429 4910 527 4990 nodo,
551 4911 694 4992 signatus
711 4913 770 4972 sub
789 4912 869 4994 pede
889 4911 997 4974 litera:
1023 4913 1062 4972 K.
1087 4909 1239 4993 ponderis
1263 4911 1358 4971 unius
1375 4930 1480 4972 marce

217 5035 290 5076 cum
316 5016 422 5078 media
447 5030 478 5078 et
501 5017 671 5079 duodecim
698 5017 853 5099 nehezyk.
1357 5102 1376 5142 *
