3810 5806
818 540 1000 602 Inventaria.
1475 558 1532 619 133

377 751 454 813 Item
479 771 581 813 unum
605 752 693 813 aliud
721 751 846 812 Missale
872 751 993 813 habens
1017 750 1239 812 kalendarium
1265 765 1348 830 ante,
1373 753 1460 834 quod
1486 753 1533 814 in·

271 856 348 938 cipit
371 876 443 917 cum
468 857 612 920 rubrica:
648 858 838 918 ›Dominica
871 858 973 939 prima
1005 858 1039 923 in
1063 857 1214 918 Adventu
1248 857 1412 936 Domini«,
1446 859 1533 921 etin

270 959 334 1024 fine
357 963 460 1043 prime
485 964 602 1045 pagine
626 963 759 1024 secundi
784 961 855 1024 folii
873 961 959 1024 finit:
993 962 1249 1044 »Congregate‹,
1274 963 1394 1025 habens
1420 964 1452 1025 in
1470 963 1532 1026 fine

271 1069 400 1130 missam
425 1069 465 1131 de
490 1070 636 1152 Corpore
668 1069 797 1134 Christi.

380 1175 457 1237 ltem
484 1195 585 1238 unum
610 1177 698 1238 aliud
724 1176 863 1254 Missale,
889 1195 985 1258 parve
1017 1175 1216 1257 quantitatis,
1241 1175 1361 1238 habens
1385 1175 1534 1238 calenda·

273 1283 355 1343 riurn
381 1295 411 1344 et
435 1283 662 1345 lndumentum
682 1296 765 1360 ante,
791 1297 821 1343 et
846 1282 958 1364 incipit
974 1301 1049 1342 cum
1066 1282 1209 1344 rubrica:
1239 1281 1372 1364 »Incipit
1395 1281 1534 1344 Missale.

273 1388 441 1451 Dominica
465 1391 601 1472 prima«,
625 1405 657 1452 et
681 1390 711 1450 in
737 1387 799 1451 fine
828 1389 931 1470 prime
958 1389 1074 1469 pagine
1106 1388 1237 1449 secundi
1264 1387 1332 1450 folii
1357 1381 1445 1451 fi'nit:
1476 1389 1534 1451 »ad

267 1496 515 1578 preparandass,
542 1498 620 1559 etin
647 1496 709 1559 fine
726 1497 799 1558 libri
817 1495 902 1558 finit:
925 1509 1072 1557 »maneat
1095 1515 1222 1578 semper
1245 1509 1362 1558 tecum.
1394 1502 1532 1576 Arnen«,

269 1603 356 1684 quod
381 1601 441 1664 luit
465 1603 590 1665 domini
624 1602 780 1665 lobannis
813 1603 853 1663 de
886 1601 1044 1680 Warosd,
1080 1615 1176 1683 prout
1208 1601 1240 1662 in
1263 1603 1388 1664 rubrica
1414 1603 1445 1664 in
1471 1603 1533 1665 fine

269 1709 412 1771 eiusdem
443 1725 584 1792 apparet.

376 1816 454 1878 Item
488 1835 587 1878 unum
623 1815 769 1894 Missale,
802 1834 944 1893 novum,
976 1833 1049 1876 cum
1082 1813 1269 1875 kalendario
1301 1828 1385 1894 ante,
1416 1813 1537 1876 habens

272 1921 499 1985 Indumentum
524 1937 555 1984 et
579 1922 825 2004 preparaciones
849 1920 889 1982 ad
914 1921 1055 1998 missam,
1074 1935 1105 1982 et
1127 1919 1359 2002 prephaciones
1383 1907 1455 1983 crim
1473 1921 1534 1983 Ca-

271 2047 367 2106 none,
392 2043 423 2090 et
446 2027 559 2111 incipit
576 2047 648 2089 curn
675 2029 817 2090 rubrica:
843 2028 895 2089 »ln
915 2027 1079 2088 dominica
1097 2026 1232 2109 prima«,
1257 2040 1288 2088 et
1304 2027 1336 2088 in
1353 2025 1416 2089 fine
1433 2027 1535 2109 prime

270 2134 385 2216 pagine
409 2134 541 2196 secundi
574 2131 644 2196 folii
678 2132 765 2195 finit:
801 2153 893 2196 »curn
926 2135 1022 2216 plebe
1054 2133 1163 2210 eius«,
1198 2146 1228 2194 et
1253 2133 1284 2194 in
1309 2130 1371 2194 fine
1397 2132 1469 2194 libri
1494 2133 1535 2195 de

271 2240 382 2302 eadem
407 2240 499 2302 litera
534 2239 622 2302 finit:
659 2237 833 2304 »festivitas
865 2239 1044 2318 exhibeatc,
1081 2239 1202 2301 habens
1233 2239 1363 2300 missam
1388 2238 1427 2299 de
1452 2236 1533 2301 festo

270 2345 476 2408 visitacionis
500 2346 540 2408 de
565 2346 627 2408 alia
652 2346 754 2408 litera.

375 2451 454 2514 ltem
480 2451 609 2514 Omelie
626 2453 709 2514 beati
729 2450 877 2533 Gregorii
903 2452 934 2513 in
952 2471 1018 2512 uno
1036 2450 1212 2530 volumine,
1237 2465 1268 2513 et
1291 2451 1421 2534 incipit:
1450 2451 1532 2512 ›Re-

269 2558 502 2620 verendissimo
525 2578 561 2620 ac
584 2558 819 2636 sanctissimo«,
844 2571 875 2619 et
900 2557 930 2619 in
956 2555 1018 2618 fine
1036 2556 1138 2639 prime
1161 2557 1278 2638 pagine
1302 2556 1434 2620 secundi
1459 2555 1531 2620 folii

269 2661 358 2726 finit:
385 2663 492 2726 »nolle
516 2662 618 2744 finire,
643 2663 765 2745 quod«,
801 2679 831 2724 et
856 2664 887 2724 in
913 2661 975 2724 fine
998 2652 1071 2725 libri
1097 2661 1183 2724 finit:
1225 2664 1381 2726 »suavitas
1405 2677 1436 2725 et
1459 2663 1529 2725 lon·

267 2783 340 2852 gata
365 2769 541 2834 finireturc.

374 2877 452 2939 ltem
478 2876 661 2938 Passionale
693 2889 889 2956 sanctorum,
923 2875 1079 2938 caducum
1112 2877 1144 2938 in
1168 2876 1340 2960 principio,
1375 2875 1416 2939 de
1440 2875 1532 2938 litera

268 2961 411 3065 airtiqua,
437 2996 625 3065 coopertum
651 2982 690 3043 de
714 2983 873 3045 asseribus
898 2982 1001 3046 nudis.

375 3089 452 3152 ltem
476 3108 578 3151 unum
611 3089 699 3150 aliud
732 3089 862 3151 Missale
893 3089 1043 3151 similiter
1074 3107 1147 3150 cum
1179 3089 1367 3152 kalendario
1391 3103 1476 3170 ante,
1500 3103 1532 3152 et

268 3215 333 3278 quo
358 3195 470 3258 ordine
502 3209 576 3258 sunt
607 3195 742 3256 dicende
765 3195 921 3273 collecte,
954 3195 1110 3277 incipiens
1141 3196 1288 3258 similiter
1317 3195 1357 3258 de
1388 3196 1530 3258 rubrica:

272 3302 324 3363 »ln
348 3303 450 3385 prima
472 3301 669 3380 dominica«,
693 3313 724 3362 et
748 3302 779 3362 in
817 3300 880 3362 fine
911 3301 1013 3383 prime
1037 3301 1154 3382 pagine
1185 3302 1317 3364 secundi
1350 3301 1420 3364 lolii
1444 3301 1530 3364 finit:

271 3408 534 3490 »cognovimuse,
559 3423 589 3470 et
613 3407 646 3468 in
670 3406 733 3468 fine
752 3407 825 3468 libri
843 3406 912 3468 finit
937 3426 1008 3468 cum
1028 3407 1171 3470 rubrica:
1198 3421 1329 3489 »postea
1345 3421 1531 3491 aspergatur

267 3533 349 3596 aqua
374 3515 542 3576 benedicta
566 3529 597 3577 et
621 3528 795 3576 revertatur
819 3513 981 3597 processio
1006 3515 1046 3575 ad
1070 3514 1268 3579 ecclesiam«

374 3621 451 3682 ltem
479 3640 579 3682 unum
605 3620 734 3682 Missale
758 3619 1019 3701 antiquissimum
1052 3619 1195 3682 deletum
1221 3621 1253 3682 in
1276 3621 1379 3702 prima
1403 3621 1531 3703 pagina,

268 3741 298 3789 et
322 3727 354 3789 in
378 3725 441 3788 fine
465 3727 567 3810 prime
592 3728 708 3809 pagine
732 3727 865 3788 secundi
891 3724 960 3787 lolii
991 3725 1077 3788 finit:
1106 3728 1156 3788 »in
1181 3727 1266 3790 viam
1290 3727 1475 3808 gencium«,
1501 3742 1532 3790 et

268 3833 299 3894 in
324 3831 386 3894 fine
411 3833 507 3895 libri:
535 3833 594 3894 »sit
616 3852 743 3915 semper
767 3847 906 3894 tecum«.

343 3939 450 4004 .ltem
475 3959 575 4002 unum
600 3939 688 4000 aliud
714 3939 842 4000 Missale
867 3940 899 4000 in
920 3939 1079 4022 principio
1103 3940 1224 4002 habens
1256 3939 1443 4022 preambula
1469 3959 1528 4022 pro

268 4045 362 4108 missa
379 4047 612 4129 competencia,
636 4059 667 4108 et
684 4065 749 4128 quo
767 4046 880 4107 ordine
905 4061 979 4108 sunt
995 4045 1128 4110 Colecte
1146 4046 1299 4125 decende,
1324 4066 1397 4108 curn
1422 4047 1527 4108 calen-

267 4152 369 4231 dario,
393 4153 551 4235 incipiens
575 4171 647 4214 cum
673 4153 797 4214 rubrica
823 4152 988 4215 similiter:
1018 4153 1070 4214 »ln
1095 4155 1197 4234 prima
1222 4152 1416 4232 dominicae,
1441 4155 1529 4216 etin

267 4257 332 4321 fine
357 4260 460 4342 prime
492 4259 609 4342 pagine
641 4260 773 4321 secundi
808 4257 876 4320 lolii
911 4258 995 4323 finit:
1032 4261 1189 4321 »invicem
1218 4261 1332 4338 sicut«,
1357 4274 1387 4322 et
1412 4255 1445 4320 iri
1468 4259 1531 4322 fine

270 4366 342 4427 libri
369 4365 408 4426 de
433 4366 545 4427 eadem
572 4366 662 4427 litera
678 4363 765 4426 finit:
792 4365 874 4426 »vite
898 4364 1058 4446 suffragia.
1084 4367 1143 4426 Per
1167 4365 1367 4427 dominum«

374 4471 452 4534 ltem
485 4472 574 4533 aliud
607 4471 734 4532 Missale
767 4472 915 4553 pulcrurn
950 4491 1022 4532 curn
1056 4470 1242 4533 kalendario
1274 4485 1305 4534 et
1336 4471 1531 4554 preambulis

268 4577 429 4660 predictis,
455 4578 584 4660 incipit:
613 4577 682 4638 »Ad
706 4593 737 4640 te
770 4579 915 4656 levavi«,
946 4579 1014 4640 sine
1047 4579 1173 4640 rubrica
1206 4579 1325 4660 aliqua,
1357 4579 1443 4640 etin
1468 4577 1531 4640 fine

268 4685 370 4768 prime
394 4686 512 4767 pagine
527 4685 659 4747 secundi
677 4683 747 4747 folii
765 4684 851 4746 finit:
872 4705 1000 4764 »nam«,
1018 4699 1048 4748 et
1062 4687 1094 4747 in
1112 4684 1173 4747 fine
1187 4685 1260 4748 libri
1277 4685 1364 4748 finit:
1385 4705 1531 4768 »semper

267 4804 384 4854 tecum.
410 4796 548 4871 Arnen«,
572 4792 611 4853 de
636 4792 750 4854 eadem
774 4792 876 4855 litera.

374 4898 451 4961 ltem
476 4917 575 4961 unum
602 4899 690 4960 aliud
717 4898 844 4960 Missale
869 4917 941 4960 cum
967 4898 1153 4960 kalendario
1179 4911 1209 4960 et
1237 4898 1443 4980 preambulis,
1461 4917 1529 4979 pre-

268 5003 450 5068 lacionibus
474 5020 505 5069 et
530 5005 665 5069 Canone
690 5007 729 5068 ab
755 5019 839 5084 ante,
874 5019 904 5068 et
928 5006 1040 5088 incipit
1072 5025 1144 5068 cum
1177 5005 1319 5066 rubrica:
1349 5005 1402 5066 »ln
1427 5004 1531 5066 dorni·
