3840 5800
846 529 999 596 Rationes.
1491 554 1549 616 271

398 749 514 812 Eidem
538 748 579 810 ad
603 768 758 832 expensas
782 748 847 810 dati
871 762 945 810 sunt
969 763 1155 812 eotunc...
1180 748 1238 812 sol.
1266 748 1299 828 l..

399 857 478 918 ltem
504 855 617 918 eadem
649 854 727 916 feria
759 855 855 918 tercia
889 853 1028 916 Chasme
1059 852 1207 916 Michaeli
1237 854 1356 917 Ozorai
1390 854 1455 914 dati
1481 869 1555 916 sunt

290 983 349 1046 pro
375 962 598 1026 subsidio...
622 961 680 1025 sol.
703 959 755 1023 Xe.

399 1069 538 1133 iohanni
563 1069 709 1152 Vyragos
726 1118 733 1132 .
751 1119 757 1133 .
775 1117 783 1132 .
799 1069 857 1133 sol.
881 1069 930 1131 11⁰.

397 1175 557 1258 Gregorio
581 1175 677 1258 Hany
695 1221 703 1238 .
721 1224 755 1240 ..
787 1175 847 1238 sol.
875 1174 924 1240 11⁶.

394 1281 473 1346 Item
498 1283 613 1344 eodem
639 1282 691 1344 die
716 1303 772 1365 per
797 1283 1007 1344 Benedictum
1026 1283 1237 1346 castellanum
1255 1286 1326 1348 misi
1345 1287 1385 1348 ad
1403 1285 1553 1370 Garygh:

396 1388 546 1450 Michaeli
571 1387 708 1470 pixidari
726 1436 733 1452 .
752 1437 784 1452 ..
809 1388 868 1451 sol.
895 1389 929 1451 L.

395 1495 531 1557 Alberto
560 1493 730 1558 Chanadi.
749 1543 781 1558 ..
804 1496 862 1556 sol.
887 1495 923 1558 L.

395 1602 489 1664 Petro
514 1601 659 1664 Leweldi
676 1652 683 1665 .
701 1650 732 1666 ..
755 1602 815 1664 sol.
841 1603 877 1666 L.

395 1709 534 1771 Johanni
560 1707 655 1770 Pechi
670 1757 721 1773 ...
744 1709 802 1774 sol.
827 1709 863 1772 L.

395 1815 533 1878 Johanni
559 1815 678 1898 Zegedi
697 1864 704 1878 .
722 1861 756 1880 ..
781 1817 839 1879 sol.
865 1817 900 1879 L.

397 1921 503 1983 Blasio
528 1921 685 1986 Dant...
715 1922 764 1984 sol
801 1922 836 1982 L.

393 2025 471 2090 ltem
496 2028 609 2090 eadem
634 2027 687 2090 die
712 2027 786 2089 dedi
812 2027 969 2090 Chasme:

395 2132 537 2216 Georgio
561 2134 660 2217 Nyari
678 2183 685 2197 .
702 2180 733 2198 ..
758 2133 816 2200 sol.
843 2133 896 2196 110.

394 2239 529 2301 Nicolao
546 2239 654 2301 hwzar
671 2287 678 2301 .
697 2287 729 2303 ..
753 2239 812 2301 sol.
839 2239 875 2317 l..

395 2345 534 2408 Martino
559 2345 771 2408 curriductori
789 2391 797 2407 .
816 2391 847 2408 ..
871 2345 930 2408 sol.
956 2343 994 2408 le.

394 2448 472 2513 Item
498 2450 576 2513 feria
601 2451 713 2533 quinta
738 2452 770 2517 in
796 2451 876 2514 festo
895 2451 1051 2513 Anthonii
1076 2451 1151 2513 dedi
1170 2451 1309 2514 Chasme
1336 2451 1486 2514 Ladislao
1511 2453 1551 2514 de

295 2558 459 2642 Byztricze
476 2605 483 2621 .
500 2607 508 2623 .
526 2609 532 2623 .
556 2559 615 2622 sol.
638 2558 686 2621 11⁰.

396 2665 517 2726 Jacobo
541 2665 581 2726 de
606 2664 775 2747 Korythno
792 2712 800 2726 .
818 2709 850 2725 ..
874 2665 931 2728 sol.
955 2662 1002 2727 ll0.

397 2770 527 2832 Andree
546 2771 659 2852 pistori
684 2771 908 2834 castrensi...
933 2771 992 2832 sol.
1017 2769 1087 2834 XX.

397 2879 475 2940 Item
509 2877 658 2938 miseram
691 2878 820 2939 Petrum
847 2876 935 2941 Oroz
968 2878 1050 2940 circa
1084 2878 1239 2941 Mathiam
1272 2877 1480 2940 castellanum
1513 2879 1553 2940 ad

291 2985 500 3065 Crathinocz,
525 2985 599 3046 dedi
624 2985 653 3046 ei
677 2985 718 3046 ad
736 3004 914 3068 expensas.
933 3035 939 3048 .
961 3036 967 3049 .
992 2987 1050 3050 sol.
1074 2983 1138 3050 Xll.

394 3090 472 3154 ltem
498 3092 575 3154 dum
601 3089 646 3152 fui
672 3091 703 3152 in
729 3092 887 3153 Zerdahel
911 3091 997 3174 apud
1022 3092 1203 3170 dominum,
1230 3093 1351 3154 ibidem
1376 3093 1449 3154 dedi
1476 3113 1553 3176 pau-

290 3199 421 3281 peribus
445 3197 676 3261 mendicis...
701 3197 761 3260 sol.
787 3197 824 3258 V.

395 3302 474 3367 Item
499 3303 577 3366 feria
602 3317 688 3364 sexta
706 3303 840 3365 domino
858 3302 1060 3385 suffraganeo
1074 3304 1114 3365 ad
1132 3317 1260 3366 octavas
1285 3304 1462 3366 Crisienses
1479 3305 1552 3368 dedi

290 3430 348 3494 pro
374 3411 594 3494 expensis...
628 3411 687 3473 sol.
713 3409 761 3476 ll‘.

394 3516 473 3581 Item
499 3517 661 3580 Clementi
685 3517 797 3600 pistori
823 3519 866 3582 dc
882 3519 1028 3582 Dombro
1053 3519 1092 3580 ad
1110 3533 1215 3581 taxam
1241 3520 1381 3601 regalem
1407 3520 1553 3584 dedi

291 3623 349 3687 sol.
376 3623 412 3688 L.

396 3729 537 3804 Quando
562 3729 713 3792 dominus
737 3731 865 3792 recessit
889 3751 926 3792 ex
951 3729 1101 3809 Chasma,
1127 3731 1190 3792 emi
1217 3731 1328 3813 pisces,
1354 3750 1435 3813 quos
1460 3751 1552 3814 cepe-

292 3851 366 3898 runt
389 3855 462 3898 cum
487 3836 622 3898 domino
647 3855 663 3897 a
689 3836 830 3917 quodam
856 3836 988 3898 homine
1013 3837 1052 3898 de
1080 3851 1188 3898 sancta
1214 3836 1329 3916 Cruce‚
1354 3838 1487 3919 pisces.
1513 3887 1552 3904 ..

290 3944 349 4010 sol.
374 3943 410 4007 1⁰.

397 4055 424 4111 A
449 4051 604 4134 Theryan
629 4052 778 4114 similiter
802 4051 904 4132 pisces
922 4096 930 4112 .
948 4099 980 4114 ..
1005 4051 1063 4115 sol.
1090 4050 1186 4116 LXX.

399 4161 425 4217 Α
450 4157 624 4220 Valentino
650 4158 689 4219 de
714 4157 888 4239 Zwynarcz
911 4157 1089 4239 pisces...
1114 4157 1174 4219 sol.
1200 4157 1235 4220 L.

396 4266 425 4323 Α
449 4263 568 4349 Raslyn
593 4265 773 4346 pisces...
798 4263 855 4328 sol.
880 4261 932 4326 Xl.

395 4367 472 4430 ltem
497 4389 571 4432 cum
596 4371 749 4432 dominus
767 4369 936 4431 Ladislaus
954 4371 1055 4432 banus
1077 4368 1138 4433 fuit
1155 4369 1294 4433 Chasme
1320 4391 1393 4434 cum
1419 4373 1552 4434 domino

291 4474 351 4538 feci
377 4495 482 4538 emere
507 4478 649 4539 butirum
675 4493 705 4540 et
730 4477 777 4539 lac
795 4528 801 4541 .
819 4524 852 4539 ..
877 4477 936 4540 sol.
961 4476 1044 4540 XVl.

397 4582 474 4644 Item
499 4584 673 4645 sartoribus
698 4583 758 4646 feci
784 4604 889 4646 emere
913 4581 1045 4648 fila...
1070 4584 1128 4647 sol.
1152 4585 1191 4648 V.

396 4688 474 4751 ltem
500 4709 558 4772 pro
583 4691 721 4773 coquina
750 4690 875 4753 domini
901 4704 932 4752 et
964 4691 1065 4752 eciam
1097 4691 1185 4772 quod
1217 4705 1384 4772 acceptum
1409 4705 1455 4753 est
1480 4711 1551 4753 cum

293 4793 440 4874 domino,
467 4797 529 4857 emi
555 4797 773 4860 butirum...
798 4797 855 4858 sol.
881 4795 964 4859 XXl.

341 4973 349 4982 ,
395 4899 473 4965 ltem
497 4904 630 4965 sabbato
663 4903 736 4964 dedi
770 4903 991 4985 prebendariis
1023 4923 1082 4984 pro
1115 4902 1316 4964 celebrandis
1347 4903 1451 4966 missis
1479 4957 1482 4962 .
1510 4954 1551 4970 ..
1631 4902 1633 4907 ’

290 5007 350 5070 sol.
380 5005 413 5072 l.
