3840 5800
382 536 446 598 3⁰4
644 475 649 484 Ι
942 513 1093 581 Ram.

488 728 564 790 ltem
584 729 614 790 in
640 727 782 812 profesto
800 731 892 791 beate
910 729 1016 790 Prisce
1035 729 1167 810 virginis
1184 743 1215 792 et
1232 730 1370 792 martiris
1386 728 1447 790 fuit
1471 730 1648 792 contencio

383 834 463 897 lacta
486 855 544 918 per
568 835 719 897 dominos
743 836 774 897 in
800 835 942 897 sacristia
971 855 1030 918 pro
1066 837 1273 918 reputacione
1305 837 1429 917 organi,
1458 855 1552 918 ¹5⁰2·
1576 857 1648 898 cum

382 942 535 1022 magistro
561 941 690 1003 Matheo
715 939 755 1002 de
781 941 952 1023 Marpurga
971 990 977 1004 .
997 989 1029 1004 ..
1053 940 1121 1005 flor.
1139 941 1326 1006 LXXXXll.
1353 942 1477 1003 Eodem
1503 942 1556 1006 die
1575 941 1649 1002 dedi

382 1048 486 1108 eidem
513 1048 665 1128 magistro
692 1046 822 1108 Matheo
847 1067 905 1129 pro
930 1068 998 1108 arra
1024 1047 1094 1112 flor.
1120 1048 1142 1125 l,
1167 1061 1199 1111 et
1222 1048 1233 1108 Ι
1259 1047 1328 1114 flor.
1353 1067 1411 1130 pro
1435 1049 1592 1130 expensis.

490 1153 566 1215 ltem
593 1154 667 1215 dedi
694 1153 799 1215 eidem
825 1154 978 1234 magistro
1004 1153 1134 1215 Matheo
1168 1152 1246 1216 feria
1270 1155 1410 1216 secunda
1435 1167 1507 1236 post
1532 1153 1646 1216 festum

383 1261 467 1322 beati
494 1259 675 1322 Leonhardi
701 1260 742 1322 de
763 1259 993 1322 commissione
1011 1260 1219 1322 dominorum
1237 1279 1344 1323 coram
1371 1260 1524 1341 magistro
1551 1261 1649 1322 Paulo

383 1368 423 1428 de
448 1367 580 1450 Roycha
606 1366 675 1430 llor.
699 1366 812 1447 viginti
838 1367 984 1448 quinque
1001 1367 1033 1428 in
1056 1381 1174 1463 ¹sortem
1191 1366 1421 1429 convencionis
1444 1381 1476 1428 et
1498 1366 1648 1450 stipendii

385 1475 493 1556 ipsius.

490 1579 568 1642 Item
605 1579 815 1662 carpentariis
839 1579 877 1639 de
913 1579 1078 1641 Kralewcz
1112 1599 1170 1662 pro
1195 1579 1363 1642 erectione
1395 1579 1574 1640 stacionunr
1599 1597 1636 1640 or

383 1687 457 1766 gani
483 1687 557 1748 dedi
583 1706 640 1768 pro
665 1687 813 1768 expensis
837 1685 959 1746 solidos
986 1687 1053 1765 LX,
1077 1701 1107 1748 et
1131 1687 1190 1748 sol.
1215 1686 1256 1748 Vl
1281 1687 1322 1748 sd
1346 1686 1466 1750 clavos.

1016 1793 1149 1854 Summa
1183 1791 1252 1854 flor.
1287 1793 1386 1868 XXX,
1414 1793 1474 1854 sol.
1499 1790 1608 1856 LXVl.

491 1898 568 1962 ltem
594 1899 668 1959 dedi
699 1900 852 1980 magistro
888 1900 1010 1962 Briccio
1043 1900 1201 1961 canonico
1233 1918 1291 1982 pro
1323 1899 1472 1980 expensis
1496 1897 1588 1960 lactis
1611 1899 1650 1959 ad

386 2004 541 2066 Gemlech
569 2006 600 2066 in
626 2006 884 2068 conduccionem
911 2025 1015 2066 rernm
1041 2020 1072 2067 et
1095 2007 1256 2066 bonorum
1281 2005 1425 2084 ecclesie,
1449 2005 1596 2066 similiter
1619 2005 1650 2066 in

385 2111 598 2172 readuccione
624 2126 654 2172 et
678 2130 736 2193 pro
762 2111 990 2192 redempcione
1017 2112 1078 2173 veli
1104 2109 1353 2174 afsmiliaribus
1376 2112 1528 2193 reginalis
1553 2111 1650 2172 lvlaie·

385 2217 522 2279 statis..
541 2267 546 2277 .
572 2215 642 2280 flor.
666 2215 702 2294 ll,
725 2217 784 2280 sol.
807 2217 935 2280 XXVll.

494 2322 571 2384 ltern
599 2324 630 2382 in
655 2321 797 2404 profesto
822 2323 915 2384 beate
942 2323 1142 2403 Margarethe
1176 2323 1310 2404 virginis
1342 2336 1373 2386 et
1397 2323 1535 2384 martiris
1563 2343 1652 2404 1503.

391 2428 464 2489 dedi
490 2447 549 2510 pro
572 2427 683 2489 tabula
716 2443 746 2488 et
779 2429 885 2490 indice
917 2429 1068 2490 horarum
1102 2429 1184 2492 beati
1217 2431 1312 2511 regis,
1343 2449 1439 2512 quarn
1465 2427 1540 2490 lecit
1563 2429 1654 2491 Hans

269 2532 270 2536 ’
386 2534 489 2615 pictor
515 2535 670 2596 Almanus
686 2583 694 2598 .
711 2584 741 2597 ..
767 2535 837 2600 flor.
864 2535 926 2600 llll.

499 2663 506 2701 r
517 2663 589 2720 505.
620 2641 712 2702 Feria
744 2643 856 2722 quinta
889 2657 960 2724 post
991 2640 1107 2704 festum
1141 2642 1224 2706 beati
1258 2642 1421 2703 Ambrosii
1456 2641 1597 2724 episcopi
1622 2655 1654 2704 et

391 2743 450 2809 ΝΞ
474 2749 547 2808 dedi
582 2748 731 2809 fratribus
762 2750 861 2810 sancti
893 2748 1053 2811 Francisci
1085 2749 1153 2814 llor.
1184 2749 1328 2830 quinque
1360 2747 1400 2810 de
1424 2748 1652 2810 commissione

388 2857 609 2932 dominorum,
633 2857 708 2937 quia
735 2856 793 2937 ipsi
819 2853 930 2916 fratres
954 2871 1027 2918 ante
1051 2875 1153 2917 annos
1176 2835 1329 2918 lredecim
1355 2854 1511 2916 dederant
1536 2867 1649 2915 mutuo

388 2961 544 3044 Capitulo
568 2961 694 3043 aliquot
719 2963 820 3024 millia
845 2981 988 3023 asserum
1021 2963 1194 3044 vulgariter
1226 2961 1310 3023 dicta
1334 2961 1455 3024 lemees
1479 2981 1537 3043 pro
1561 2980 1651 3043 repa·

388 3069 518 3130 racione
541 3081 661 3128 tecture
686 3068 784 3128 sancti
810 3069 894 3149 regis
919 3068 1083 3150 Stephani.

707 3279 838 3341 lanua
864 3280 1051 3343 ecclesie
1079 3279 1194 3342 besti
1219 3279 1341 3361 regis.

497 3439 574 3500 ltem
601 3439 674 3500 dedi
701 3459 759 3522 pro
784 3438 868 3501 lerro
886 3439 1020 3501 domino
1039 3441 1172 3502 Alberto
1190 3441 1353 3522 preposito
1371 3487 1377 3502 .
1396 3487 1426 3502 ..
1450 3439 1520 3504 flor.
1545 3439 1657 3521 Vll't2.

500 3545 576 3605 ltem
603 3543 693 3606 labro
718 3565 776 3627 pro
802 3546 921 3624 labore,
947 3546 1052 3625 primo
1083 3565 1138 3626 per
1156 3565 1270 3606 manus
1294 3544 1417 3606 domini
1445 3545 1567 3606 Alberti
1586 3563 1655 3624 pre-

393 3652 487 3733 positi
514 3650 582 3715 flor.
614 3651 664 3728 lll,
695 3672 784 3731 ¹505·
818 3653 899 3712 circa
925 3650 1041 3714 festum
1067 3653 1150 3713 beati
1174 3651 1335 3712 Ambrosii
1362 3651 1503 3732 episcopi
1530 3666 1560 3711 et
1586 3645 1655 3718 D'IJ.

501 3755 578 3818 ltem
605 3756 636 3817 in
669 3758 817 3818 absencia
850 3777 920 3818 mea
954 3757 1105 3818 dominus
1139 3757 1274 3819 Kemlek
1307 3757 1482 3838 complevit
1505 3771 1535 3816 et
1559 3758 1656 3817 solvit

395 3861 453 3943 ipsi
479 3860 570 3922 labro
594 3861 663 3926 flor.
685 3862 753 3941 Vll,
777 3864 851 3945 quia
870 3864 1048 3924 contencio
1073 3860 1132 3925 luit
1156 3863 1225 3927 flor.
1248 3863 1287 3926 X.

502 3968 634 4050 lnsuper
666 3968 754 4030 dedit
786 3970 890 4031 adhuc
916 3969 1020 4030 eidem
1046 3969 1115 4033 flor.
1140 3968 1164 4030 ll
1189 3969 1228 4030 de
1254 3969 1482 4030 commissione
1507 3969 1656 4029 domino·

394 4092 476 4150 rum,
501 4088 535 4134 ut
560 4074 659 4155 ipsam
686 4073 814 4154 januam
840 4095 913 4136 cutn
938 4075 1078 4136 vernisio
1104 4077 1287 4137 rubricaret.

499 4180 575 4240 ltem
597 4181 627 4240 in
645 4194 755 4241 octava
774 4181 856 4242 beati
876 4181 1028 4262 Stephani
1048 4179 1282 4263 protomartiris
1299 4201 1384 4240 anno
1405 4180 1534 4242 Domini
1569 4202 1659 4263 ¹507·

394 4287 469 4348 dedi
488 4285 578 4347 labro
602 4287 671 4350 flor.
699 4287 733 4368 Ἰ,
760 4307 818 4368 pro
836 4285 1068 4348 reformacione
1094 4287 1203 4368 lingue
1220 4287 1339 4347 scilicet
1363 4286 1547 4347 tirrtinabuli
1574 4306 1658 4348 carn-

396 4414 477 4475 pane
503 4393 642 4457 maioris.

877 4518 1178 4602 Stipendiarii.

504 4663 585 4724 Dedi
615 4663 831 4745 stipendiariis
844 4663 914 4726 flor.
935 4662 1049 4740 l⁰Xlll;
1067 4663 1182 4725 iterum
1206 4663 1275 4726 llor.
1291 4662 1361 4740 XX,
1378 4662 1513 4723 habetur
1537 4663 1660 4742 obliga·

395 4771 476 4832 toria
502 4771 720 4834 dominorum.
1129 4773 1134 4782 '

504 4875 580 4936 ltem
607 4876 680 4936 dedi
707 4877 745 4936 ad
772 4878 926 4938 tectur'am
963 4877 1055 4938 beate
1081 4876 1180 4936 Mario
1207 4875 1339 4955 virginis
1372 4875 1402 4934 iri
1430 4875 1571 4935 Abbacia
1597 4893 1660 4934 ms·

399 4982 498 5062 gistro
524 4983 689 5043 Arithonio
715 4983 753 5042 de
781 4984 946 5062 liegerecz
973 4983 1041 5045 flor.
1067 4981 1105 5044 Vl
1131 4983 1187 5045 sol.
1212 4983 1278 5044 xl.
