<?xml version="1.0" encoding="UTF-8"?>
<!DOCTYPE html PUBLIC "-//W3C//DTD XHTML 1.0 Transitional//EN"
    "http://www.w3.org/TR/xhtml1/DTD/xhtml1-transitional.dtd">
<html xmlns="http://www.w3.org/1999/xhtml" xml:lang="en" lang="en">
 <head>
  <title>
</title>
<meta http-equiv="Content-Type" content="text/html;charset=utf-8" />
  <meta name='ocr-system' content='tesseract 3.04.00' />
  <meta name='ocr-capabilities' content='ocr_page ocr_carea ocr_par ocr_line ocrx_word'/>
</head>
<body>
  <div class='ocr_page' id='page_1' title='image "./monumentahistor19laszgoog_0150.png"; bbox 0 0 3810 5806; ppageno 0'>
   <div class='ocr_carea' id='block_1_1' title="bbox 430 553 1697 5102">
    <p class='ocr_par' dir='ltr' id='par_1_1' title="bbox 434 553 1208 632">
     <span class='ocr_line' id='line_1_1' title="bbox 434 553 1208 632; baseline 0.004 -20"><span class='ocrx_word' id='word_1_1' title='bbox 434 553 474 632; x_wconf 74' lang='lat'>98</span> <span class='ocrx_word' id='word_1_2' title='bbox 1010 555 1208 632; x_wconf 80' lang='lat' dir='ltr'>Anno1514.</span> 
     </span>
    </p>

    <p class='ocr_par' dir='ltr' id='par_1_2' title="bbox 430 765 1696 1788">
     <span class='ocr_line' id='line_1_2' title="bbox 433 765 1696 850; baseline 0.002 -23"><span class='ocrx_word' id='word_1_3' title='bbox 433 787 449 828; x_wconf 88' lang='lat' dir='ltr'>a</span> <span class='ocrx_word' id='word_1_4' title='bbox 474 781 563 848; x_wconf 88' lang='lat' dir='ltr'>parte</span> <span class='ocrx_word' id='word_1_5' title='bbox 587 785 664 827; x_wconf 92' lang='lat' dir='ltr'>vero</span> <span class='ocrx_word' id='word_1_6' title='bbox 696 765 901 826; x_wconf 83' lang='lat' dir='ltr'>meridionali</span> <span class='ocrx_word' id='word_1_7' title='bbox 935 767 1017 826; x_wconf 89' lang='lat' dir='ltr'>inter</span> <span class='ocrx_word' id='word_1_8' title='bbox 1047 781 1164 829; x_wconf 91' lang='lat' dir='ltr'>terram</span> <span class='ocrx_word' id='word_1_9' title='bbox 1198 769 1357 829; x_wconf 84' lang='lat' dir='ltr'>desertam</span> <span class='ocrx_word' id='word_1_10' title='bbox 1390 768 1525 850; x_wconf 84' lang='lat' dir='ltr'>provide</span> <span class='ocrx_word' id='word_1_11' title='bbox 1551 769 1696 830; x_wconf 89' lang='lat' dir='ltr'>mulieris</span> 
     </span>
     <span class='ocr_line' id='line_1_3' title="bbox 433 872 1695 956; baseline 0.001 -21"><span class='ocrx_word' id='word_1_12' title='bbox 433 874 585 935; x_wconf 91' lang='lat' dir='ltr'>Katerina</span> <span class='ocrx_word' id='word_1_13' title='bbox 609 889 732 952; x_wconf 89' lang='lat' dir='ltr'>vocate,</span> <span class='ocrx_word' id='word_1_14' title='bbox 757 873 869 934; x_wconf 90' lang='lat' dir='ltr'>relicte</span> <span class='ocrx_word' id='word_1_15' title='bbox 893 872 1030 933; x_wconf 90' lang='lat' dir='ltr'>condam</span> <span class='ocrx_word' id='word_1_16' title='bbox 1048 873 1135 936; x_wconf 91' lang='lat' dir='ltr'>Luce</span> <span class='ocrx_word' id='word_1_17' title='bbox 1158 874 1333 956; x_wconf 85' lang='lat' dir='ltr'>Kolarych,</span> <span class='ocrx_word' id='word_1_18' title='bbox 1357 895 1374 935; x_wconf 89' lang='lat' dir='ltr'>a</span> <span class='ocrx_word' id='word_1_19' title='bbox 1398 889 1485 956; x_wconf 91' lang='lat' dir='ltr'>parte</span> <span class='ocrx_word' id='word_1_20' title='bbox 1511 894 1587 936; x_wconf 90' lang='lat' dir='ltr'>vero</span> <span class='ocrx_word' id='word_1_21' title='bbox 1612 875 1695 936; x_wconf 92' lang='lat' dir='ltr'>occi·</span> 
     </span>
     <span class='ocr_line' id='line_1_4' title="bbox 432 979 1693 1063; baseline 0.001 -22"><span class='ocrx_word' id='word_1_22' title='bbox 432 981 563 1058; x_wconf 89' lang='lat' dir='ltr'>dentali,</span> <span class='ocrx_word' id='word_1_23' title='bbox 588 981 724 1062; x_wconf 84' lang='lat' dir='ltr'>desuper</span> <span class='ocrx_word' id='word_1_24' title='bbox 746 979 831 1041; x_wconf 89' lang='lat' dir='ltr'>avia</span> <span class='ocrx_word' id='word_1_25' title='bbox 848 979 1013 1040; x_wconf 87' lang='lat' dir='ltr'>communi</span> <span class='ocrx_word' id='word_1_26' title='bbox 1031 993 1062 1040; x_wconf 87' lang='lat' dir='ltr'>et</span> <span class='ocrx_word' id='word_1_27' title='bbox 1079 979 1159 1042; x_wconf 90' lang='lat' dir='ltr'>inlra</span> <span class='ocrx_word' id='word_1_28' title='bbox 1180 1000 1281 1063; x_wconf 87' lang='lat' dir='ltr'>usque</span> <span class='ocrx_word' id='word_1_29' title='bbox 1298 979 1432 1042; x_wconf 89' lang='lat' dir='ltr'>fluvium</span> <span class='ocrx_word' id='word_1_30' title='bbox 1451 1000 1507 1042; x_wconf 90' lang='lat' dir='ltr'>seu</span> <span class='ocrx_word' id='word_1_31' title='bbox 1524 980 1693 1042; x_wconf 90' lang='lat' dir='ltr'>decursum</span> 
     </span>
     <span class='ocr_line' id='line_1_5' title="bbox 432 1084 1696 1169; baseline 0 -21"><span class='ocrx_word' id='word_1_32' title='bbox 432 1106 515 1168; x_wconf 90' lang='lat' dir='ltr'>aque</span> <span class='ocrx_word' id='word_1_33' title='bbox 539 1086 689 1169; x_wconf 86' lang='lat' dir='ltr'>pluvialis</span> <span class='ocrx_word' id='word_1_34' title='bbox 714 1085 876 1147; x_wconf 82' lang='lat' dir='ltr'>mediante</span> <span class='ocrx_word' id='word_1_35' title='bbox 900 1084 1040 1166; x_wconf 87' lang='lat' dir='ltr'>quadam</span> <span class='ocrx_word' id='word_1_36' title='bbox 1066 1087 1118 1148; x_wconf 87' lang='lat' dir='ltr'>via</span> <span class='ocrx_word' id='word_1_37' title='bbox 1148 1087 1287 1148; x_wconf 75' lang='lat' dir='ltr'>cursuali</span> <span class='ocrx_word' id='word_1_38' title='bbox 1313 1087 1390 1168; x_wconf 89' lang='lat' dir='ltr'>ipsis</span> <span class='ocrx_word' id='word_1_39' title='bbox 1414 1087 1537 1149; x_wconf 89' lang='lat' dir='ltr'>scilicet</span> <span class='ocrx_word' id='word_1_40' title='bbox 1561 1087 1696 1149; x_wconf 92' lang='lat' dir='ltr'>circum·</span> 
     </span>
     <span class='ocr_line' id='line_1_6' title="bbox 431 1190 1695 1271; baseline 0.002 -20"><span class='ocrx_word' id='word_1_41' title='bbox 431 1193 544 1254; x_wconf 90' lang='lat' dir='ltr'>vicinis</span> <span class='ocrx_word' id='word_1_42' title='bbox 568 1192 777 1270; x_wconf 76' lang='lat' dir='ltr'>deserviente,</span> <span class='ocrx_word' id='word_1_43' title='bbox 795 1190 937 1252; x_wconf 90' lang='lat' dir='ltr'>habitam</span> <span class='ocrx_word' id='word_1_44' title='bbox 962 1204 992 1251; x_wconf 89' lang='lat' dir='ltr'>et</span> <span class='ocrx_word' id='word_1_45' title='bbox 1009 1192 1209 1271; x_wconf 86' lang='lat' dir='ltr'>existentem,</span> <span class='ocrx_word' id='word_1_46' title='bbox 1226 1193 1323 1254; x_wconf 92' lang='lat' dir='ltr'>simul</span> <span class='ocrx_word' id='word_1_47' title='bbox 1345 1211 1416 1254; x_wconf 91' lang='lat' dir='ltr'>cum</span> <span class='ocrx_word' id='word_1_48' title='bbox 1443 1194 1595 1254; x_wconf 90' lang='lat' dir='ltr'>omnibus</span> <span class='ocrx_word' id='word_1_49' title='bbox 1612 1193 1695 1254; x_wconf 90' lang='lat' dir='ltr'>eius-</span> 
     </span>
     <span class='ocr_line' id='line_1_7' title="bbox 431 1298 1695 1381; baseline 0.001 -22"><span class='ocrx_word' id='word_1_50' title='bbox 431 1300 503 1361; x_wconf 93' lang='lat' dir='ltr'>dem</span> <span class='ocrx_word' id='word_1_51' title='bbox 519 1300 612 1360; x_wconf 90' lang='lat' dir='ltr'>vinee</span> <span class='ocrx_word' id='word_1_52' title='bbox 626 1299 827 1376; x_wconf 78' lang='lat' dir='ltr'>utilitatibus,</span> <span class='ocrx_word' id='word_1_53' title='bbox 841 1298 952 1359; x_wconf 89' lang='lat' dir='ltr'>usibus</span> <span class='ocrx_word' id='word_1_54' title='bbox 964 1311 995 1358; x_wconf 91' lang='lat' dir='ltr'>et</span> <span class='ocrx_word' id='word_1_55' title='bbox 1007 1299 1212 1380; x_wconf 85' lang='lat' dir='ltr'>pertinenciis</span> <span class='ocrx_word' id='word_1_56' title='bbox 1226 1300 1382 1361; x_wconf 90' lang='lat' dir='ltr'>universis</span> <span class='ocrx_word' id='word_1_57' title='bbox 1407 1299 1541 1381; x_wconf 90' lang='lat' dir='ltr'>provide</span> <span class='ocrx_word' id='word_1_58' title='bbox 1567 1299 1695 1360; x_wconf 89' lang='lat' dir='ltr'>mulieri</span> 
     </span>
     <span class='ocr_line' id='line_1_8' title="bbox 432 1403 1695 1487; baseline 0 -21"><span class='ocrx_word' id='word_1_59' title='bbox 432 1403 607 1467; x_wconf 89' lang='lat' dir='ltr'>Katherine</span> <span class='ocrx_word' id='word_1_60' title='bbox 632 1404 740 1466; x_wconf 92' lang='lat' dir='ltr'>relicte</span> <span class='ocrx_word' id='word_1_61' title='bbox 765 1404 902 1466; x_wconf 90' lang='lat' dir='ltr'>condam</span> <span class='ocrx_word' id='word_1_62' title='bbox 930 1403 1026 1465; x_wconf 88' lang='lat' dir='ltr'>Blasii</span> <span class='ocrx_word' id='word_1_63' title='bbox 1059 1405 1199 1486; x_wconf 81' lang='lat' dir='ltr'>agricole</span> <span class='ocrx_word' id='word_1_64' title='bbox 1224 1405 1264 1466; x_wconf 90' lang='lat' dir='ltr'>de</span> <span class='ocrx_word' id='word_1_65' title='bbox 1296 1403 1417 1487; x_wconf 86' lang='lat' dir='ltr'>prefata</span> <span class='ocrx_word' id='word_1_66' title='bbox 1442 1404 1636 1468; x_wconf 84' lang='lat' dir='ltr'>Werbowcz</span> <span class='ocrx_word' id='word_1_67' title='bbox 1660 1425 1695 1466; x_wconf 87' lang='lat' dir='ltr'>ac</span> 
     </span>
     <span class='ocr_line' id='line_1_9' title="bbox 430 1509 1694 1594; baseline -0.002 -20"><span class='ocrx_word' id='word_1_68' title='bbox 430 1532 487 1594; x_wconf 91' lang='lat' dir='ltr'>per</span> <span class='ocrx_word' id='word_1_69' title='bbox 511 1531 582 1574; x_wconf 90' lang='lat' dir='ltr'>eam</span> <span class='ocrx_word' id='word_1_70' title='bbox 606 1513 671 1573; x_wconf 88' lang='lat' dir='ltr'>suis</span> <span class='ocrx_word' id='word_1_71' title='bbox 695 1511 867 1574; x_wconf 87' lang='lat' dir='ltr'>heredibus</span> <span class='ocrx_word' id='word_1_72' title='bbox 892 1530 950 1593; x_wconf 93' lang='lat' dir='ltr'>pro</span> <span class='ocrx_word' id='word_1_73' title='bbox 975 1509 1044 1573; x_wconf 91' lang='lat' dir='ltr'>flor.</span> <span class='ocrx_word' id='word_1_74' title='bbox 1077 1513 1179 1574; x_wconf 90' lang='lat' dir='ltr'>tribus</span> <span class='ocrx_word' id='word_1_75' title='bbox 1211 1512 1434 1574; x_wconf 90' lang='lat' dir='ltr'>libertavimus</span> <span class='ocrx_word' id='word_1_76' title='bbox 1458 1514 1580 1592; x_wconf 87' lang='lat' dir='ltr'>absque</span> <span class='ocrx_word' id='word_1_77' title='bbox 1604 1512 1694 1573; x_wconf 89' lang='lat' dir='ltr'>omni</span> 
     </span>
     <span class='ocr_line' id='line_1_10' title="bbox 430 1616 1693 1699; baseline -0.002 -20"><span class='ocrx_word' id='word_1_78' title='bbox 430 1637 527 1681; x_wconf 90' lang='lat' dir='ltr'>censu</span> <span class='ocrx_word' id='word_1_79' title='bbox 551 1617 717 1678; x_wconf 91' lang='lat' dir='ltr'>communi</span> <span class='ocrx_word' id='word_1_80' title='bbox 742 1630 852 1678; x_wconf 89' lang='lat' dir='ltr'>nostro</span> <span class='ocrx_word' id='word_1_81' title='bbox 877 1616 945 1698; x_wconf 81' lang='lat' dir='ltr'>jure</span> <span class='ocrx_word' id='word_1_82' title='bbox 970 1631 1126 1698; x_wconf 90' lang='lat' dir='ltr'>perpetuo</span> <span class='ocrx_word' id='word_1_83' title='bbox 1144 1617 1249 1680; x_wconf 90' lang='lat' dir='ltr'>eidem</span> <span class='ocrx_word' id='word_1_84' title='bbox 1275 1617 1481 1679; x_wconf 90' lang='lat' dir='ltr'>vendidimus</span> <span class='ocrx_word' id='word_1_85' title='bbox 1505 1631 1536 1678; x_wconf 92' lang='lat' dir='ltr'>et</span> <span class='ocrx_word' id='word_1_86' title='bbox 1561 1617 1693 1699; x_wconf 90' lang='lat' dir='ltr'>inscrip-</span> 
     </span>
     <span class='ocr_line' id='line_1_11' title="bbox 430 1725 541 1788; baseline 0.009 -3"><span class='ocrx_word' id='word_1_87' title='bbox 430 1725 541 1788; x_wconf 87' lang='lat' dir='ltr'>simus.</span> 
     </span>
    </p>

    <p class='ocr_par' dir='ltr' id='par_1_3' title="bbox 430 1830 1696 3085">
     <span class='ocr_line' id='line_1_12' title="bbox 537 1830 1695 1911; baseline 0 -19"><span class='ocrx_word' id='word_1_88' title='bbox 537 1831 635 1905; x_wconf 92' lang='lat' dir='ltr'>Quod</span> <span class='ocrx_word' id='word_1_89' title='bbox 660 1850 719 1892; x_wconf 86' lang='lat' dir='ltr'>nos</span> <span class='ocrx_word' id='word_1_90' title='bbox 742 1831 905 1911; x_wconf 90' lang='lat' dir='ltr'>quandam</span> <span class='ocrx_word' id='word_1_91' title='bbox 930 1845 1048 1893; x_wconf 88' lang='lat' dir='ltr'>terram</span> <span class='ocrx_word' id='word_1_92' title='bbox 1073 1844 1213 1892; x_wconf 85' lang='lat' dir='ltr'>nostram</span> <span class='ocrx_word' id='word_1_93' title='bbox 1244 1851 1450 1893; x_wconf 91' lang='lat' dir='ltr'>communem</span> <span class='ocrx_word' id='word_1_94' title='bbox 1477 1830 1508 1891; x_wconf 92' lang='lat' dir='ltr'>in</span> <span class='ocrx_word' id='word_1_95' title='bbox 1533 1831 1695 1892; x_wconf 90' lang='lat' dir='ltr'>territorio</span> 
     </span>
     <span class='ocr_line' id='line_1_13' title="bbox 432 1937 1695 2021; baseline -0.001 -22"><span class='ocrx_word' id='word_1_96' title='bbox 432 1952 540 2000; x_wconf 88' lang='lat' dir='ltr'>nostro</span> <span class='ocrx_word' id='word_1_97' title='bbox 564 1959 620 2000; x_wconf 88' lang='lat' dir='ltr'>sen</span> <span class='ocrx_word' id='word_1_98' title='bbox 643 1939 779 2000; x_wconf 88' lang='lat' dir='ltr'>civitatis</span> <span class='ocrx_word' id='word_1_99' title='bbox 803 1937 924 2021; x_wconf 87' lang='lat' dir='ltr'>prefate</span> <span class='ocrx_word' id='word_1_100' title='bbox 949 1939 1150 2017; x_wconf 84' lang='lat' dir='ltr'>existentem,</span> <span class='ocrx_word' id='word_1_101' title='bbox 1179 1939 1261 2000; x_wconf 89' lang='lat' dir='ltr'>inter</span> <span class='ocrx_word' id='word_1_102' title='bbox 1285 1939 1382 2000; x_wconf 90' lang='lat' dir='ltr'>aliam</span> <span class='ocrx_word' id='word_1_103' title='bbox 1405 1953 1523 2001; x_wconf 90' lang='lat' dir='ltr'>terram</span> <span class='ocrx_word' id='word_1_104' title='bbox 1547 1939 1695 2000; x_wconf 89' lang='lat' dir='ltr'>similiter</span> 
     </span>
     <span class='ocr_line' id='line_1_14' title="bbox 431 2043 1696 2128; baseline -0.001 -21"><span class='ocrx_word' id='word_1_105' title='bbox 431 2045 585 2107; x_wconf 85' lang='lat' dir='ltr'>arabilem</span> <span class='ocrx_word' id='word_1_106' title='bbox 609 2045 737 2128; x_wconf 92' lang='lat' dir='ltr'>providi</span> <span class='ocrx_word' id='word_1_107' title='bbox 760 2059 791 2106; x_wconf 92' lang='lat' dir='ltr'>et</span> <span class='ocrx_word' id='word_1_108' title='bbox 814 2045 940 2107; x_wconf 91' lang='lat' dir='ltr'>honesti</span> <span class='ocrx_word' id='word_1_109' title='bbox 966 2046 1025 2106; x_wconf 88' lang='lat' dir='ltr'>viri</span> <span class='ocrx_word' id='word_1_110' title='bbox 1045 2046 1211 2108; x_wconf 74' lang='lat' dir='ltr'>benedicti</span> <span class='ocrx_word' id='word_1_111' title='bbox 1230 2043 1338 2124; x_wconf 86' lang='lat' dir='ltr'>labris,</span> <span class='ocrx_word' id='word_1_112' title='bbox 1363 2046 1403 2106; x_wconf 88' lang='lat' dir='ltr'>ab</span> <span class='ocrx_word' id='word_1_113' title='bbox 1427 2045 1577 2106; x_wconf 90' lang='lat' dir='ltr'>orientali</span> <span class='ocrx_word' id='word_1_114' title='bbox 1595 2059 1696 2126; x_wconf 90' lang='lat' dir='ltr'>parte,</span> 
     </span>
     <span class='ocr_line' id='line_1_15' title="bbox 431 2149 1695 2234; baseline 0.001 -22"><span class='ocrx_word' id='word_1_115' title='bbox 431 2173 447 2213; x_wconf 98' lang='lat' dir='ltr'>a</span> <span class='ocrx_word' id='word_1_116' title='bbox 465 2150 717 2234; x_wconf 89' lang='lat' dir='ltr'>septemtrionali</span> <span class='ocrx_word' id='word_1_117' title='bbox 736 2151 818 2212; x_wconf 91' lang='lat' dir='ltr'>inter</span> <span class='ocrx_word' id='word_1_118' title='bbox 835 2149 945 2213; x_wconf 90' lang='lat' dir='ltr'>lenilia</span> <span class='ocrx_word' id='word_1_119' title='bbox 963 2151 1090 2234; x_wconf 92' lang='lat' dir='ltr'>providi</span> <span class='ocrx_word' id='word_1_120' title='bbox 1115 2152 1175 2212; x_wconf 91' lang='lat' dir='ltr'>viri</span> <span class='ocrx_word' id='word_1_121' title='bbox 1193 2152 1355 2214; x_wconf 90' lang='lat' dir='ltr'>Valentini</span> <span class='ocrx_word' id='word_1_122' title='bbox 1374 2151 1554 2214; x_wconf 83' lang='lat' dir='ltr'>Valenthelt</span> <span class='ocrx_word' id='word_1_123' title='bbox 1572 2172 1695 2213; x_wconf 90' lang='lat' dir='ltr'>nuncu·</span> 
     </span>
     <span class='ocr_line' id='line_1_16' title="bbox 431 2258 1695 2340; baseline 0.001 -21"><span class='ocrx_word' id='word_1_124' title='bbox 431 2259 507 2340; x_wconf 90' lang='lat' dir='ltr'>pati,</span> <span class='ocrx_word' id='word_1_125' title='bbox 531 2279 548 2320; x_wconf 91' lang='lat' dir='ltr'>a</span> <span class='ocrx_word' id='word_1_126' title='bbox 574 2258 778 2319; x_wconf 90' lang='lat' dir='ltr'>meridionali</span> <span class='ocrx_word' id='word_1_127' title='bbox 804 2271 834 2319; x_wconf 91' lang='lat' dir='ltr'>et</span> <span class='ocrx_word' id='word_1_128' title='bbox 858 2259 1050 2321; x_wconf 88' lang='lat' dir='ltr'>occidentali</span> <span class='ocrx_word' id='word_1_129' title='bbox 1084 2259 1227 2340; x_wconf 88' lang='lat' dir='ltr'>partibus</span> <span class='ocrx_word' id='word_1_130' title='bbox 1258 2259 1309 2320; x_wconf 90' lang='lat' dir='ltr'>vie</span> <span class='ocrx_word' id='word_1_131' title='bbox 1343 2277 1532 2320; x_wconf 89' lang='lat' dir='ltr'>communes</span> <span class='ocrx_word' id='word_1_132' title='bbox 1555 2277 1612 2319; x_wconf 90' lang='lat' dir='ltr'>seu</span> <span class='ocrx_word' id='word_1_133' title='bbox 1636 2277 1695 2340; x_wconf 93' lang='lat' dir='ltr'>pu·</span> 
     </span>
     <span class='ocr_line' id='line_1_17' title="bbox 431 2364 1691 2443; baseline 0 -18"><span class='ocrx_word' id='word_1_134' title='bbox 431 2365 524 2443; x_wconf 92' lang='lat' dir='ltr'>blice,</span> <span class='ocrx_word' id='word_1_135' title='bbox 549 2364 690 2426; x_wconf 89' lang='lat' dir='ltr'>habitam</span> <span class='ocrx_word' id='word_1_136' title='bbox 716 2377 747 2424; x_wconf 91' lang='lat' dir='ltr'>et</span> <span class='ocrx_word' id='word_1_137' title='bbox 769 2364 968 2442; x_wconf 83' lang='lat' dir='ltr'>existentem,</span> <span class='ocrx_word' id='word_1_138' title='bbox 993 2365 1073 2427; x_wconf 88' lang='lat' dir='ltr'>duas</span> <span class='ocrx_word' id='word_1_139' title='bbox 1098 2364 1200 2425; x_wconf 91' lang='lat' dir='ltr'>dietas</span> <span class='ocrx_word' id='word_1_140' title='bbox 1225 2365 1256 2425; x_wconf 91' lang='lat' dir='ltr'>in</span> <span class='ocrx_word' id='word_1_141' title='bbox 1282 2385 1314 2425; x_wconf 90' lang='lat' dir='ltr'>se</span> <span class='ocrx_word' id='word_1_142' title='bbox 1339 2364 1570 2442; x_wconf 90' lang='lat' dir='ltr'>continentem,</span> <span class='ocrx_word' id='word_1_143' title='bbox 1594 2364 1691 2426; x_wconf 87' lang='lat' dir='ltr'>simul</span> 
     </span>
     <span class='ocr_line' id='line_1_18' title="bbox 431 2470 1693 2551; baseline 0.001 -20"><span class='ocrx_word' id='word_1_144' title='bbox 431 2490 503 2532; x_wconf 92' lang='lat' dir='ltr'>cum</span> <span class='ocrx_word' id='word_1_145' title='bbox 528 2471 679 2531; x_wconf 90' lang='lat' dir='ltr'>omnibus</span> <span class='ocrx_word' id='word_1_146' title='bbox 703 2470 846 2532; x_wconf 87' lang='lat' dir='ltr'>eiusdem</span> <span class='ocrx_word' id='word_1_147' title='bbox 871 2485 953 2532; x_wconf 91' lang='lat' dir='ltr'>terre</span> <span class='ocrx_word' id='word_1_148' title='bbox 978 2470 1108 2532; x_wconf 89' lang='lat' dir='ltr'>arabilis</span> <span class='ocrx_word' id='word_1_149' title='bbox 1133 2491 1259 2532; x_wconf 91' lang='lat' dir='ltr'>necnon</span> <span class='ocrx_word' id='word_1_150' title='bbox 1284 2471 1409 2532; x_wconf 87' lang='lat' dir='ltr'>duabus</span> <span class='ocrx_word' id='word_1_151' title='bbox 1433 2470 1537 2550; x_wconf 89' lang='lat' dir='ltr'>dietis,</span> <span class='ocrx_word' id='word_1_152' title='bbox 1562 2483 1597 2531; x_wconf 91' lang='lat' dir='ltr'>nt</span> <span class='ocrx_word' id='word_1_153' title='bbox 1622 2490 1693 2551; x_wconf 89' lang='lat' dir='ltr'>pre·</span> 
     </span>
     <span class='ocr_line' id='line_1_19' title="bbox 431 2575 1694 2660; baseline 0.001 -24"><span class='ocrx_word' id='word_1_154' title='bbox 431 2575 543 2654; x_wconf 85' lang='lat' dir='ltr'>fertur,</span> <span class='ocrx_word' id='word_1_155' title='bbox 556 2577 759 2654; x_wconf 86' lang='lat' dir='ltr'>utilitatibus,</span> <span class='ocrx_word' id='word_1_156' title='bbox 774 2577 883 2638; x_wconf 88' lang='lat' dir='ltr'>usibus</span> <span class='ocrx_word' id='word_1_157' title='bbox 897 2591 928 2639; x_wconf 89' lang='lat' dir='ltr'>et</span> <span class='ocrx_word' id='word_1_158' title='bbox 941 2577 1147 2659; x_wconf 85' lang='lat' dir='ltr'>pertinenciis</span> <span class='ocrx_word' id='word_1_159' title='bbox 1163 2577 1320 2638; x_wconf 85' lang='lat' dir='ltr'>universis</span> <span class='ocrx_word' id='word_1_160' title='bbox 1344 2577 1481 2660; x_wconf 91' lang='lat' dir='ltr'>provido</span> <span class='ocrx_word' id='word_1_161' title='bbox 1495 2577 1563 2637; x_wconf 93' lang='lat' dir='ltr'>viro</span> <span class='ocrx_word' id='word_1_162' title='bbox 1577 2576 1694 2637; x_wconf 93' lang='lat' dir='ltr'>Valen-</span> 
     </span>
     <span class='ocr_line' id='line_1_20' title="bbox 430 2683 1692 2746; baseline -0.001 -1"><span class='ocrx_word' id='word_1_163' title='bbox 430 2683 499 2745; x_wconf 90' lang='lat' dir='ltr'>tino</span> <span class='ocrx_word' id='word_1_164' title='bbox 525 2683 680 2746; x_wconf 89' lang='lat' dir='ltr'>Horwath</span> <span class='ocrx_word' id='word_1_165' title='bbox 707 2683 746 2744; x_wconf 90' lang='lat' dir='ltr'>de</span> <span class='ocrx_word' id='word_1_166' title='bbox 770 2683 964 2745; x_wconf 88' lang='lat' dir='ltr'>Werhowcz</span> <span class='ocrx_word' id='word_1_167' title='bbox 982 2684 1087 2746; x_wconf 89' lang='lat' dir='ltr'>incole</span> <span class='ocrx_word' id='word_1_168' title='bbox 1112 2699 1142 2746; x_wconf 94' lang='lat' dir='ltr'>et</span> <span class='ocrx_word' id='word_1_169' title='bbox 1156 2683 1361 2746; x_wconf 88' lang='lat' dir='ltr'>inhabitatori</span> <span class='ocrx_word' id='word_1_170' title='bbox 1378 2683 1529 2745; x_wconf 90' lang='lat' dir='ltr'>territorii</span> <span class='ocrx_word' id='word_1_171' title='bbox 1555 2684 1692 2745; x_wconf 89' lang='lat' dir='ltr'>civitatis</span> 
     </span>
     <span class='ocr_line' id='line_1_21' title="bbox 432 2789 1691 2872; baseline 0.001 -23"><span class='ocrx_word' id='word_1_172' title='bbox 432 2803 538 2850; x_wconf 87' lang='lat' dir='ltr'>nostre</span> <span class='ocrx_word' id='word_1_173' title='bbox 574 2808 609 2850; x_wconf 91' lang='lat' dir='ltr'>ac</span> <span class='ocrx_word' id='word_1_174' title='bbox 641 2808 698 2870; x_wconf 90' lang='lat' dir='ltr'>per</span> <span class='ocrx_word' id='word_1_175' title='bbox 722 2809 793 2850; x_wconf 89' lang='lat' dir='ltr'>eum</span> <span class='ocrx_word' id='word_1_176' title='bbox 827 2790 892 2850; x_wconf 90' lang='lat' dir='ltr'>suis</span> <span class='ocrx_word' id='word_1_177' title='bbox 916 2789 1088 2852; x_wconf 89' lang='lat' dir='ltr'>heredibus</span> <span class='ocrx_word' id='word_1_178' title='bbox 1112 2810 1170 2872; x_wconf 93' lang='lat' dir='ltr'>pro</span> <span class='ocrx_word' id='word_1_179' title='bbox 1203 2789 1271 2852; x_wconf 90' lang='lat' dir='ltr'>flor.</span> <span class='ocrx_word' id='word_1_180' title='bbox 1304 2790 1432 2852; x_wconf 89' lang='lat' dir='ltr'>duobus</span> <span class='ocrx_word' id='word_1_181' title='bbox 1455 2789 1524 2851; x_wconf 90' lang='lat' dir='ltr'>auri</span> <span class='ocrx_word' id='word_1_182' title='bbox 1557 2789 1691 2850; x_wconf 90' lang='lat' dir='ltr'>liberam</span> 
     </span>
     <span class='ocr_line' id='line_1_22' title="bbox 431 2895 1693 2979; baseline 0.001 -23"><span class='ocrx_word' id='word_1_183' title='bbox 431 2897 551 2975; x_wconf 88' lang='lat' dir='ltr'>absque</span> <span class='ocrx_word' id='word_1_184' title='bbox 575 2896 664 2956; x_wconf 91' lang='lat' dir='ltr'>omni</span> <span class='ocrx_word' id='word_1_185' title='bbox 689 2916 784 2957; x_wconf 91' lang='lat' dir='ltr'>censu</span> <span class='ocrx_word' id='word_1_186' title='bbox 809 2897 973 2957; x_wconf 92' lang='lat' dir='ltr'>communi</span> <span class='ocrx_word' id='word_1_187' title='bbox 1011 2911 1120 2958; x_wconf 89' lang='lat' dir='ltr'>nostro</span> <span class='ocrx_word' id='word_1_188' title='bbox 1152 2895 1219 2976; x_wconf 90' lang='lat' dir='ltr'>jure</span> <span class='ocrx_word' id='word_1_189' title='bbox 1251 2911 1407 2979; x_wconf 92' lang='lat' dir='ltr'>perpetuo</span> <span class='ocrx_word' id='word_1_190' title='bbox 1431 2895 1637 2957; x_wconf 90' lang='lat' dir='ltr'>vendidimus</span> <span class='ocrx_word' id='word_1_191' title='bbox 1662 2911 1693 2957; x_wconf 91' lang='lat' dir='ltr'>et</span> 
     </span>
     <span class='ocr_line' id='line_1_23' title="bbox 432 3003 912 3085; baseline 0.004 -22"><span class='ocrx_word' id='word_1_192' title='bbox 432 3003 649 3084; x_wconf 87' lang='lat' dir='ltr'>inscripsimus</span> <span class='ocrx_word' id='word_1_193' title='bbox 674 3003 912 3085; x_wconf 86' lang='lat' dir='ltr'>possidendam.</span> 
     </span>
    </p>

    <p class='ocr_par' dir='ltr' id='par_1_4' title="bbox 430 3108 1695 4362">
     <span class='ocr_line' id='line_1_24' title="bbox 536 3108 1693 3190; baseline 0.002 -22"><span class='ocrx_word' id='word_1_194' title='bbox 536 3108 634 3182; x_wconf 93' lang='lat' dir='ltr'>Quod</span> <span class='ocrx_word' id='word_1_195' title='bbox 660 3129 719 3169; x_wconf 91' lang='lat' dir='ltr'>nos</span> <span class='ocrx_word' id='word_1_196' title='bbox 743 3109 907 3190; x_wconf 87' lang='lat' dir='ltr'>quoddam</span> <span class='ocrx_word' id='word_1_197' title='bbox 932 3108 1070 3171; x_wconf 83' lang='lat' dir='ltr'>fundum</span> <span class='ocrx_word' id='word_1_198' title='bbox 1096 3125 1241 3171; x_wconf 89' lang='lat' dir='ltr'>nostrum</span> <span class='ocrx_word' id='word_1_199' title='bbox 1274 3127 1493 3186; x_wconf 90' lang='lat' dir='ltr'>communem,</span> <span class='ocrx_word' id='word_1_200' title='bbox 1518 3109 1693 3187; x_wconf 88' lang='lat' dir='ltr'>desertum,</span> 
     </span>
     <span class='ocr_line' id='line_1_25' title="bbox 431 3214 1692 3298; baseline 0.001 -22"><span class='ocrx_word' id='word_1_201' title='bbox 431 3215 624 3298; x_wconf 86' lang='lat' dir='ltr'>penitusque</span> <span class='ocrx_word' id='word_1_202' title='bbox 658 3214 855 3294; x_wconf 88' lang='lat' dir='ltr'>destitutum,</span> <span class='ocrx_word' id='word_1_203' title='bbox 880 3217 911 3276; x_wconf 92' lang='lat' dir='ltr'>in</span> <span class='ocrx_word' id='word_1_204' title='bbox 945 3215 1066 3298; x_wconf 88' lang='lat' dir='ltr'>prelata</span> <span class='ocrx_word' id='word_1_205' title='bbox 1098 3217 1225 3278; x_wconf 91' lang='lat' dir='ltr'>civitate</span> <span class='ocrx_word' id='word_1_206' title='bbox 1259 3215 1414 3292; x_wconf 89' lang='lat' dir='ltr'>habitum,</span> <span class='ocrx_word' id='word_1_207' title='bbox 1439 3235 1540 3298; x_wconf 91' lang='lat' dir='ltr'>prope</span> <span class='ocrx_word' id='word_1_208' title='bbox 1565 3216 1692 3277; x_wconf 87' lang='lat' dir='ltr'>Novam</span> 
     </span>
     <span class='ocr_line' id='line_1_26' title="bbox 430 3319 1692 3404; baseline 0 -22"><span class='ocrx_word' id='word_1_209' title='bbox 430 3335 555 3402; x_wconf 91' lang='lat' dir='ltr'>portam</span> <span class='ocrx_word' id='word_1_210' title='bbox 582 3341 680 3402; x_wconf 91' lang='lat' dir='ltr'>penes</span> <span class='ocrx_word' id='word_1_211' title='bbox 705 3337 734 3382; x_wconf 90' lang='lat' dir='ltr'>et</span> <span class='ocrx_word' id='word_1_212' title='bbox 757 3341 857 3403; x_wconf 92' lang='lat' dir='ltr'>prope</span> <span class='ocrx_word' id='word_1_213' title='bbox 881 3319 1017 3384; x_wconf 88' lang='lat' dir='ltr'>fundutn</span> <span class='ocrx_word' id='word_1_214' title='bbox 1043 3343 1099 3384; x_wconf 91' lang='lat' dir='ltr'>seu</span> <span class='ocrx_word' id='word_1_215' title='bbox 1124 3323 1225 3384; x_wconf 88' lang='lat' dir='ltr'>eciam</span> <span class='ocrx_word' id='word_1_216' title='bbox 1250 3322 1363 3384; x_wconf 92' lang='lat' dir='ltr'>turrim</span> <span class='ocrx_word' id='word_1_217' title='bbox 1388 3321 1532 3404; x_wconf 91' lang='lat' dir='ltr'>Capituli</span> <span class='ocrx_word' id='word_1_218' title='bbox 1557 3322 1692 3383; x_wconf 88' lang='lat' dir='ltr'>ecclesie</span> 
     </span>
     <span class='ocr_line' id='line_1_27' title="bbox 430 3427 1692 3510; baseline 0 -22"><span class='ocrx_word' id='word_1_219' title='bbox 430 3427 656 3508; x_wconf 80' lang='lat' dir='ltr'>zagrabiensis,</span> <span class='ocrx_word' id='word_1_220' title='bbox 682 3447 698 3488; x_wconf 89' lang='lat' dir='ltr'>a</span> <span class='ocrx_word' id='word_1_221' title='bbox 723 3445 811 3508; x_wconf 88' lang='lat' dir='ltr'>parte</span> <span class='ocrx_word' id='word_1_222' title='bbox 835 3429 1103 3510; x_wconf 90' lang='lat' dir='ltr'>septemtrionali,</span> <span class='ocrx_word' id='word_1_223' title='bbox 1128 3450 1145 3489; x_wconf 93' lang='lat' dir='ltr'>a</span> <span class='ocrx_word' id='word_1_224' title='bbox 1170 3442 1258 3510; x_wconf 89' lang='lat' dir='ltr'>parte</span> <span class='ocrx_word' id='word_1_225' title='bbox 1276 3448 1353 3489; x_wconf 91' lang='lat' dir='ltr'>vero</span> <span class='ocrx_word' id='word_1_226' title='bbox 1378 3427 1583 3489; x_wconf 88' lang='lat' dir='ltr'>meridionali</span> <span class='ocrx_word' id='word_1_227' title='bbox 1608 3428 1692 3489; x_wconf 92' lang='lat' dir='ltr'>inter</span> 
     </span>
     <span class='ocr_line' id='line_1_28' title="bbox 431 3531 1692 3620; baseline 0.001 -26"><span class='ocrx_word' id='word_1_228' title='bbox 431 3533 585 3615; x_wconf 84' lang='lat' dir='ltr'>(h)ortum</span> <span class='ocrx_word' id='word_1_229' title='bbox 611 3534 736 3616; x_wconf 89' lang='lat' dir='ltr'>providi</span> <span class='ocrx_word' id='word_1_230' title='bbox 762 3535 820 3594; x_wconf 91' lang='lat' dir='ltr'>viri</span> <span class='ocrx_word' id='word_1_231' title='bbox 847 3535 1012 3597; x_wconf 88' lang='lat' dir='ltr'>Michaelis</span> <span class='ocrx_word' id='word_1_232' title='bbox 1038 3535 1193 3618; x_wconf 84' lang='lat' dir='ltr'>Sumogy,</span> <span class='ocrx_word' id='word_1_233' title='bbox 1226 3535 1369 3597; x_wconf 88' lang='lat' dir='ltr'>concivis</span> <span class='ocrx_word' id='word_1_234' title='bbox 1401 3534 1511 3612; x_wconf 90' lang='lat' dir='ltr'>nostri,</span> <span class='ocrx_word' id='word_1_235' title='bbox 1536 3531 1584 3620; x_wconf 44' lang='lat' dir='ltr'>jab</span> <span class='ocrx_word' id='word_1_236' title='bbox 1608 3535 1692 3596; x_wconf 90' lang='lat' dir='ltr'>occi·</span> 
     </span>
     <span class='ocr_line' id='line_1_29' title="bbox 431 3640 1693 3724; baseline 0.002 -24"><span class='ocrx_word' id='word_1_237' title='bbox 431 3640 550 3702; x_wconf 88' lang='lat' dir='ltr'>dentali</span> <span class='ocrx_word' id='word_1_238' title='bbox 577 3640 679 3722; x_wconf 88' lang='lat' dir='ltr'>platea</span> <span class='ocrx_word' id='word_1_239' title='bbox 705 3661 760 3701; x_wconf 93' lang='lat' dir='ltr'>seu</span> <span class='ocrx_word' id='word_1_240' title='bbox 785 3641 835 3701; x_wconf 89' lang='lat' dir='ltr'>via</span> <span class='ocrx_word' id='word_1_241' title='bbox 860 3643 1041 3703; x_wconf 90' lang='lat' dir='ltr'>communis</span> <span class='ocrx_word' id='word_1_242' title='bbox 1074 3657 1105 3704; x_wconf 92' lang='lat' dir='ltr'>et</span> <span class='ocrx_word' id='word_1_243' title='bbox 1136 3662 1238 3724; x_wconf 91' lang='lat' dir='ltr'>usque</span> <span class='ocrx_word' id='word_1_244' title='bbox 1270 3661 1399 3704; x_wconf 91' lang='lat' dir='ltr'>murum</span> <span class='ocrx_word' id='word_1_245' title='bbox 1424 3641 1562 3703; x_wconf 91' lang='lat' dir='ltr'>civitatis</span> <span class='ocrx_word' id='word_1_246' title='bbox 1584 3661 1618 3702; x_wconf 89' lang='lat' dir='ltr'>se</span> <span class='ocrx_word' id='word_1_247' title='bbox 1640 3662 1693 3702; x_wconf 90' lang='lat' dir='ltr'>ex·</span> 
     </span>
     <span class='ocr_line' id='line_1_30' title="bbox 430 3745 1692 3826; baseline 0 -18"><span class='ocrx_word' id='word_1_248' title='bbox 430 3747 575 3826; x_wconf 88' lang='lat' dir='ltr'>tendens,</span> <span class='ocrx_word' id='word_1_249' title='bbox 607 3747 750 3808; x_wconf 90' lang='lat' dir='ltr'>habitum</span> <span class='ocrx_word' id='word_1_250' title='bbox 785 3761 815 3808; x_wconf 94' lang='lat' dir='ltr'>et</span> <span class='ocrx_word' id='word_1_251' title='bbox 846 3749 1042 3824; x_wconf 87' lang='lat' dir='ltr'>existentem,</span> <span class='ocrx_word' id='word_1_252' title='bbox 1067 3749 1162 3810; x_wconf 88' lang='lat' dir='ltr'>simul</span> <span class='ocrx_word' id='word_1_253' title='bbox 1187 3767 1261 3810; x_wconf 91' lang='lat' dir='ltr'>cum</span> <span class='ocrx_word' id='word_1_254' title='bbox 1282 3748 1434 3809; x_wconf 89' lang='lat' dir='ltr'>omnibus</span> <span class='ocrx_word' id='word_1_255' title='bbox 1458 3746 1603 3809; x_wconf 88' lang='lat' dir='ltr'>eiusdem</span> <span class='ocrx_word' id='word_1_256' title='bbox 1622 3745 1692 3808; x_wconf 91' lang='lat' dir='ltr'>lun-</span> 
     </span>
     <span class='ocr_line' id='line_1_31' title="bbox 432 3853 1695 3936; baseline 0 -22"><span class='ocrx_word' id='word_1_257' title='bbox 432 3854 529 3935; x_wconf 90' lang='lat' dir='ltr'>dique</span> <span class='ocrx_word' id='word_1_258' title='bbox 554 3853 668 3915; x_wconf 89' lang='lat' dir='ltr'>deserti</span> <span class='ocrx_word' id='word_1_259' title='bbox 694 3853 889 3931; x_wconf 89' lang='lat' dir='ltr'>utilitrtibus,</span> <span class='ocrx_word' id='word_1_260' title='bbox 904 3854 1022 3932; x_wconf 89' lang='lat' dir='ltr'>usibus,</span> <span class='ocrx_word' id='word_1_261' title='bbox 1047 3869 1078 3915; x_wconf 92' lang='lat' dir='ltr'>et</span> <span class='ocrx_word' id='word_1_262' title='bbox 1098 3854 1304 3936; x_wconf 91' lang='lat' dir='ltr'>pertinenciis</span> <span class='ocrx_word' id='word_1_263' title='bbox 1321 3853 1477 3915; x_wconf 88' lang='lat' dir='ltr'>universis</span> <span class='ocrx_word' id='word_1_264' title='bbox 1501 3853 1638 3934; x_wconf 92' lang='lat' dir='ltr'>provido</span> <span class='ocrx_word' id='word_1_265' title='bbox 1663 3867 1695 3915; x_wconf 91' lang='lat' dir='ltr'>et</span> 
     </span>
     <span class='ocr_line' id='line_1_32' title="bbox 431 3959 1693 4042; baseline 0 -22"><span class='ocrx_word' id='word_1_266' title='bbox 431 3960 566 4021; x_wconf 90' lang='lat' dir='ltr'>honesto</span> <span class='ocrx_word' id='word_1_267' title='bbox 589 3959 658 4020; x_wconf 90' lang='lat' dir='ltr'>viro</span> <span class='ocrx_word' id='word_1_268' title='bbox 684 3959 832 4020; x_wconf 90' lang='lat' dir='ltr'>Michaeli</span> <span class='ocrx_word' id='word_1_269' title='bbox 860 3961 986 4041; x_wconf 87' lang='lat' dir='ltr'>Repecz</span> <span class='ocrx_word' id='word_1_270' title='bbox 1010 3975 1208 4042; x_wconf 88' lang='lat' dir='ltr'>nuncupato,</span> <span class='ocrx_word' id='word_1_271' title='bbox 1234 3961 1354 4021; x_wconf 89' lang='lat' dir='ltr'>utiam</span> <span class='ocrx_word' id='word_1_272' title='bbox 1380 3979 1465 4021; x_wconf 93' lang='lat' dir='ltr'>novo</span> <span class='ocrx_word' id='word_1_273' title='bbox 1491 3960 1615 4021; x_wconf 90' lang='lat' dir='ltr'>concivi</span> <span class='ocrx_word' id='word_1_274' title='bbox 1634 3978 1693 4020; x_wconf 91' lang='lat' dir='ltr'>no-</span> 
     </span>
     <span class='ocr_line' id='line_1_33' title="bbox 431 4065 1692 4149; baseline -0.001 -22"><span class='ocrx_word' id='word_1_275' title='bbox 431 4081 505 4144; x_wconf 89' lang='lat' dir='ltr'>stro,</span> <span class='ocrx_word' id='word_1_276' title='bbox 530 4086 566 4127; x_wconf 88' lang='lat' dir='ltr'>ac</span> <span class='ocrx_word' id='word_1_277' title='bbox 598 4085 653 4147; x_wconf 91' lang='lat' dir='ltr'>per</span> <span class='ocrx_word' id='word_1_278' title='bbox 684 4085 758 4127; x_wconf 91' lang='lat' dir='ltr'>eum</span> <span class='ocrx_word' id='word_1_279' title='bbox 794 4068 858 4127; x_wconf 91' lang='lat' dir='ltr'>suis</span> <span class='ocrx_word' id='word_1_280' title='bbox 894 4067 1065 4128; x_wconf 90' lang='lat' dir='ltr'>heredibus</span> <span class='ocrx_word' id='word_1_281' title='bbox 1099 4087 1155 4149; x_wconf 91' lang='lat' dir='ltr'>pro</span> <span class='ocrx_word' id='word_1_282' title='bbox 1188 4067 1256 4130; x_wconf 88' lang='lat' dir='ltr'>flor.</span> <span class='ocrx_word' id='word_1_283' title='bbox 1292 4067 1419 4127; x_wconf 89' lang='lat' dir='ltr'>duobus</span> <span class='ocrx_word' id='word_1_284' title='bbox 1450 4066 1519 4127; x_wconf 90' lang='lat' dir='ltr'>auri</span> <span class='ocrx_word' id='word_1_285' title='bbox 1553 4065 1692 4126; x_wconf 90' lang='lat' dir='ltr'>liberum</span> 
     </span>
     <span class='ocr_line' id='line_1_34' title="bbox 431 4171 1693 4255; baseline -0.001 -22"><span class='ocrx_word' id='word_1_286' title='bbox 431 4176 551 4253; x_wconf 90' lang='lat' dir='ltr'>absque</span> <span class='ocrx_word' id='word_1_287' title='bbox 575 4173 664 4233; x_wconf 93' lang='lat' dir='ltr'>omni</span> <span class='ocrx_word' id='word_1_288' title='bbox 690 4193 786 4234; x_wconf 90' lang='lat' dir='ltr'>censu</span> <span class='ocrx_word' id='word_1_289' title='bbox 811 4189 920 4235; x_wconf 89' lang='lat' dir='ltr'>nostro</span> <span class='ocrx_word' id='word_1_290' title='bbox 952 4175 1128 4253; x_wconf 90' lang='lat' dir='ltr'>communi,</span> <span class='ocrx_word' id='word_1_291' title='bbox 1149 4173 1217 4254; x_wconf 90' lang='lat' dir='ltr'>jure</span> <span class='ocrx_word' id='word_1_292' title='bbox 1250 4187 1406 4255; x_wconf 89' lang='lat' dir='ltr'>perpetuo</span> <span class='ocrx_word' id='word_1_293' title='bbox 1432 4171 1637 4234; x_wconf 90' lang='lat' dir='ltr'>vendidimus</span> <span class='ocrx_word' id='word_1_294' title='bbox 1662 4186 1693 4233; x_wconf 91' lang='lat' dir='ltr'>et</span> 
     </span>
     <span class='ocr_line' id='line_1_35' title="bbox 431 4280 919 4362; baseline 0.002 -22"><span class='ocrx_word' id='word_1_295' title='bbox 431 4280 651 4361; x_wconf 90' lang='lat' dir='ltr'>inscripsimus</span> <span class='ocrx_word' id='word_1_296' title='bbox 676 4280 919 4362; x_wconf 90' lang='lat' dir='ltr'>possidendum.</span> 
     </span>
    </p>

    <p class='ocr_par' dir='ltr' id='par_1_5' title="bbox 430 4385 1697 5102">
     <span class='ocr_line' id='line_1_36' title="bbox 536 4385 1694 4467; baseline -0.002 -20"><span class='ocrx_word' id='word_1_297' title='bbox 536 4386 633 4459; x_wconf 89' lang='lat' dir='ltr'>Quod</span> <span class='ocrx_word' id='word_1_298' title='bbox 660 4405 719 4447; x_wconf 90' lang='lat' dir='ltr'>nos</span> <span class='ocrx_word' id='word_1_299' title='bbox 743 4387 905 4467; x_wconf 90' lang='lat' dir='ltr'>quandam</span> <span class='ocrx_word' id='word_1_300' title='bbox 930 4387 1043 4447; x_wconf 88' lang='lat' dir='ltr'>silvam</span> <span class='ocrx_word' id='word_1_301' title='bbox 1068 4401 1210 4448; x_wconf 92' lang='lat' dir='ltr'>nostram</span> <span class='ocrx_word' id='word_1_302' title='bbox 1241 4405 1449 4446; x_wconf 91' lang='lat' dir='ltr'>communem</span> <span class='ocrx_word' id='word_1_303' title='bbox 1474 4385 1505 4446; x_wconf 90' lang='lat' dir='ltr'>in</span> <span class='ocrx_word' id='word_1_304' title='bbox 1530 4385 1694 4446; x_wconf 90' lang='lat' dir='ltr'>territorio</span> 
     </span>
     <span class='ocr_line' id='line_1_37' title="bbox 431 4490 1693 4573; baseline -0.002 -21"><span class='ocrx_word' id='word_1_305' title='bbox 431 4505 539 4553; x_wconf 92' lang='lat' dir='ltr'>nostro</span> <span class='ocrx_word' id='word_1_306' title='bbox 564 4512 619 4552; x_wconf 91' lang='lat' dir='ltr'>seu</span> <span class='ocrx_word' id='word_1_307' title='bbox 645 4492 781 4552; x_wconf 89' lang='lat' dir='ltr'>civitatis</span> <span class='ocrx_word' id='word_1_308' title='bbox 806 4490 936 4573; x_wconf 88' lang='lat' dir='ltr'>prefate,</span> <span class='ocrx_word' id='word_1_309' title='bbox 962 4493 1043 4553; x_wconf 90' lang='lat' dir='ltr'>inter</span> <span class='ocrx_word' id='word_1_310' title='bbox 1068 4493 1195 4553; x_wconf 90' lang='lat' dir='ltr'>vineam</span> <span class='ocrx_word' id='word_1_311' title='bbox 1218 4493 1327 4553; x_wconf 89' lang='lat' dir='ltr'>relicte</span> <span class='ocrx_word' id='word_1_312' title='bbox 1352 4491 1490 4553; x_wconf 89' lang='lat' dir='ltr'>condam</span> <span class='ocrx_word' id='word_1_313' title='bbox 1517 4491 1693 4568; x_wconf 82' lang='lat' dir='ltr'>Ambrosii,</span> 
     </span>
     <span class='ocr_line' id='line_1_38' title="bbox 432 4597 1692 4680; baseline -0.002 -21"><span class='ocrx_word' id='word_1_314' title='bbox 432 4599 536 4660; x_wconf 90' lang='lat' dir='ltr'>Bruoz</span> <span class='ocrx_word' id='word_1_315' title='bbox 562 4599 747 4680; x_wconf 89' lang='lat' dir='ltr'>nuncupati,</span> <span class='ocrx_word' id='word_1_316' title='bbox 772 4618 789 4658; x_wconf 86' lang='lat' dir='ltr'>a</span> <span class='ocrx_word' id='word_1_317' title='bbox 815 4599 1019 4659; x_wconf 87' lang='lat' dir='ltr'>meridionali</span> <span class='ocrx_word' id='word_1_318' title='bbox 1049 4611 1148 4679; x_wconf 78' lang='lat' dir='ltr'>parte,</span> <span class='ocrx_word' id='word_1_319' title='bbox 1173 4619 1190 4658; x_wconf 90' lang='lat' dir='ltr'>a</span> <span class='ocrx_word' id='word_1_320' title='bbox 1223 4612 1310 4679; x_wconf 91' lang='lat' dir='ltr'>parte</span> <span class='ocrx_word' id='word_1_321' title='bbox 1334 4617 1410 4659; x_wconf 92' lang='lat' dir='ltr'>vero</span> <span class='ocrx_word' id='word_1_322' title='bbox 1435 4597 1692 4678; x_wconf 86' lang='lat' dir='ltr'>septemtrionali</span> 
     </span>
     <span class='ocr_line' id='line_1_39' title="bbox 432 4703 1691 4786; baseline -0.002 -22"><span class='ocrx_word' id='word_1_323' title='bbox 432 4705 512 4765; x_wconf 89' lang='lat' dir='ltr'>inter</span> <span class='ocrx_word' id='word_1_324' title='bbox 535 4705 661 4765; x_wconf 85' lang='lat' dir='ltr'>vineam</span> <span class='ocrx_word' id='word_1_325' title='bbox 687 4705 845 4766; x_wconf 90' lang='lat' dir='ltr'>desertam</span> <span class='ocrx_word' id='word_1_326' title='bbox 864 4705 997 4766; x_wconf 90' lang='lat' dir='ltr'>ecclesie</span> <span class='ocrx_word' id='word_1_327' title='bbox 1023 4719 1129 4767; x_wconf 91' lang='lat' dir='ltr'>nostre</span> <span class='ocrx_word' id='word_1_328' title='bbox 1148 4705 1339 4786; x_wconf 89' lang='lat' dir='ltr'>parochialis</span> <span class='ocrx_word' id='word_1_329' title='bbox 1356 4704 1440 4766; x_wconf 87' lang='lat' dir='ltr'>beati</span> <span class='ocrx_word' id='word_1_330' title='bbox 1467 4703 1565 4764; x_wconf 88' lang='lat' dir='ltr'>Marci</span> <span class='ocrx_word' id='word_1_331' title='bbox 1583 4721 1691 4762; x_wconf 87' lang='lat' dir='ltr'>ewan-</span> 
     </span>
     <span class='ocr_line' id='line_1_40' title="bbox 430 4807 1695 4893; baseline -0.003 -21"><span class='ocrx_word' id='word_1_332' title='bbox 430 4812 552 4892; x_wconf 84' lang='lat' dir='ltr'>geliste,</span> <span class='ocrx_word' id='word_1_333' title='bbox 576 4813 615 4872; x_wconf 90' lang='lat' dir='ltr'>ab</span> <span class='ocrx_word' id='word_1_334' title='bbox 640 4811 845 4888; x_wconf 88' lang='lat' dir='ltr'>occidentali;</span> <span class='ocrx_word' id='word_1_335' title='bbox 870 4812 1007 4893; x_wconf 91' lang='lat' dir='ltr'>desuper</span> <span class='ocrx_word' id='word_1_336' title='bbox 1031 4833 1048 4873; x_wconf 92' lang='lat' dir='ltr'>a</span> <span class='ocrx_word' id='word_1_337' title='bbox 1072 4813 1124 4872; x_wconf 90' lang='lat' dir='ltr'>via</span> <span class='ocrx_word' id='word_1_338' title='bbox 1148 4811 1312 4872; x_wconf 91' lang='lat' dir='ltr'>communi</span> <span class='ocrx_word' id='word_1_339' title='bbox 1342 4824 1373 4871; x_wconf 94' lang='lat' dir='ltr'>et</span> <span class='ocrx_word' id='word_1_340' title='bbox 1397 4808 1478 4871; x_wconf 85' lang='lat' dir='ltr'>infra</span> <span class='ocrx_word' id='word_1_341' title='bbox 1509 4827 1611 4890; x_wconf 89' lang='lat' dir='ltr'>usque</span> <span class='ocrx_word' id='word_1_342' title='bbox 1636 4807 1695 4868; x_wconf 90' lang='lat' dir='ltr'>flu-</span> 
     </span>
     <span class='ocr_line' id='line_1_41' title="bbox 431 4915 1697 4999; baseline 0.001 -24"><span class='ocrx_word' id='word_1_343' title='bbox 431 4917 518 4977; x_wconf 92' lang='lat' dir='ltr'>vium</span> <span class='ocrx_word' id='word_1_344' title='bbox 551 4937 606 4978; x_wconf 91' lang='lat' dir='ltr'>seu</span> <span class='ocrx_word' id='word_1_345' title='bbox 640 4917 810 4980; x_wconf 88' lang='lat' dir='ltr'>decursum</span> <span class='ocrx_word' id='word_1_346' title='bbox 846 4938 927 4999; x_wconf 92' lang='lat' dir='ltr'>aque</span> <span class='ocrx_word' id='word_1_347' title='bbox 960 4918 1110 4999; x_wconf 88' lang='lat' dir='ltr'>pluvialis</span> <span class='ocrx_word' id='word_1_348' title='bbox 1143 4937 1252 4977; x_wconf 88' lang='lat' dir='ltr'>versus</span> <span class='ocrx_word' id='word_1_349' title='bbox 1287 4931 1407 4998; x_wconf 89' lang='lat' dir='ltr'>partem</span> <span class='ocrx_word' id='word_1_350' title='bbox 1440 4915 1631 4977; x_wconf 90' lang='lat' dir='ltr'>orientalem</span> <span class='ocrx_word' id='word_1_351' title='bbox 1663 4934 1697 4976; x_wconf 88' lang='lat' dir='ltr'>se</span> 
     </span>
     <span class='ocr_line' id='line_1_42' title="bbox 431 5021 1696 5102; baseline 0 -20"><span class='ocrx_word' id='word_1_352' title='bbox 431 5023 666 5102; x_wconf 83' lang='lat' dir='ltr'>extendentem,</span> <span class='ocrx_word' id='word_1_353' title='bbox 692 5024 831 5086; x_wconf 88' lang='lat' dir='ltr'>habitam</span> <span class='ocrx_word' id='word_1_354' title='bbox 859 5039 889 5085; x_wconf 89' lang='lat' dir='ltr'>et</span> <span class='ocrx_word' id='word_1_355' title='bbox 913 5025 1113 5102; x_wconf 90' lang='lat' dir='ltr'>existentem,</span> <span class='ocrx_word' id='word_1_356' title='bbox 1138 5022 1234 5084; x_wconf 89' lang='lat' dir='ltr'>simul</span> <span class='ocrx_word' id='word_1_357' title='bbox 1269 5042 1340 5084; x_wconf 90' lang='lat' dir='ltr'>cum</span> <span class='ocrx_word' id='word_1_358' title='bbox 1367 5023 1519 5084; x_wconf 91' lang='lat' dir='ltr'>omnibus</span> <span class='ocrx_word' id='word_1_359' title='bbox 1550 5021 1696 5083; x_wconf 88' lang='lat' dir='ltr'>eiusdem</span> 
     </span>
    </p>
   </div>
   <div class='ocr_carea' id='block_1_2' title="bbox 0 0 1910 5797">
    <p class='ocr_par' dir='ltr' id='par_1_6' title="bbox 0 0 1910 5797">
     <span class='ocr_line' id='line_1_43' title="bbox 0 0 1910 5797; baseline 0 0"><span class='ocrx_word' id='word_1_360' title='bbox 0 0 1910 5797; x_wconf 95' lang='lat' dir='ltr'> </span> 
     </span>
    </p>
   </div>
  </div>
 </body>
</html>
