3804 5798
793 593 975 652 Inventarr'a.
1449 585 1505 670 185

353 803 429 864 Item
456 802 575 864 ibidem
602 803 768 884 posuimus
785 802 864 863 duas
888 804 1012 864 strictas
1029 822 1139 879 novas,
1164 804 1278 864 rubeas
1302 803 1340 864 de
1367 823 1506 885 purpura

246 909 423 987 florIzatha,
448 929 520 970 cum
547 909 612 970 suis
636 909 827 970 attinenciis.
875 960 877 963 ,

352 1015 429 1077 Item
454 1015 573 1077 ibidem
599 1014 768 1097 posuimus
796 1015 875 1089 duas
892 1014 1060 1096 ampolnas
1091 1015 1239 1093 maiores,
1264 1029 1429 1096 argenteas
1453 1015 1507 1077 de-

248 1134 385 1199 auratas,
410 1139 467 1203 per
490 1121 628 1182 condam
654 1121 822 1181 dominum
849 1119 1028 1182 Osualdum
1048 1121 1234 1202 episcopum
1261 1119 1391 1182 ecclesie
1409 1121 1507 1200 datas,

246 1246 320 1288 cum
345 1227 516 1288 duodecim
542 1226 637 1287 discis
661 1229 820 1307 argenteis
845 1227 875 1286 ln
900 1245 959 1287 suo
983 1227 1183 1294 reservaculo
1208 1227 1405 1308 compositis.

352 1333 428 1393 Item
454 1331 533 1393 duas
557 1351 674 1415 cappas
698 1333 737 1392 de
762 1331 898 1393 atthlacz
923 1332 1012 1392 rubei
1038 1332 1169 1394 coloris.

353 1437 431 1499 Item
454 1437 584 1499 terciam
610 1456 745 1520 cappam
770 1438 892 1518 nigram
919 1455 991 1498 curn
1015 1455 1074 1498 suo
1102 1451 1203 1515 scut0,
1228 1456 1344 1498 novam
1370 1452 1400 1500 et
1425 1437 1507 1519 opti-

247 1563 332 1604 mam
357 1544 397 1604 de
421 1562 561 1627 purpure
586 1543 697 1605 electa.

353 1650 430 1711 Item
455 1649 495 1711 ad
521 1649 656 1711 eandem
682 1650 793 1711 cistam
826 1669 922 1732 super
954 1668 1002 1710 res
1035 1651 1227 1732 prescriptae
1258 1651 1426 1731 posuimus
1450 1670 1508 1733 pro

247 1769 438 1837 coopertura
463 1774 569 1816 rerum
595 1773 693 1816 unum
717 1754 864 1835 pulcrum
889 1753 1085 1836 thapecIum.

868 1911 881 1940 ἡ

818 1951 831 1979 t
917 1951 931 1979 1

353 2057 429 2119 Item
454 2057 494 2118 ad
519 2058 653 2118 tercium
670 2057 830 2119 scrineum
849 2057 958 2118 album
977 2073 1007 2119 et
1025 2059 1127 2119 maius
1152 2059 1318 2140 posuimus
1343 2077 1392 2118 res
1410 2054 1505 2116 infra-

246 2165 395 2247 scriptae:
421 2165 579 2246 imprimis
603 2165 636 2224 in
661 2163 761 2225 londo
787 2163 953 2246 posuimus
985 2183 1086 2226 unum
1111 2179 1201 2226 vetus
1226 2163 1399 2246 thapetum.

356 2271 432 2332 Item
465 2271 506 2332 ad
538 2269 674 2332 eandem
706 2271 816 2331 cistam
849 2268 931 2331 duos
955 2284 1084 2332 ornatos
1119 2271 1259 2352 integros
1291 2269 1330 2330 de
1368 2289 1508 2352 purpura

248 2375 350 2457 nigra,
374 2377 507 2458 optima,
532 2395 603 2438 cum
637 2377 788 2437 omnibus
823 2376 889 2436 suis
919 2376 1110 2454 attinenciis,
1148 2395 1219 2438 cum
1246 2376 1371 2437 duabus
1395 2375 1510 2437 strictis

247 2482 389 2544 eiusdem
417 2482 534 2544 coloris
558 2495 589 2544 et
613 2482 678 2543 suis
701 2481 893 2545 attinenciis.

354 2587 432 2650 Item
458 2588 578 2649 ibidem
602 2589 770 2670 posuimus
799 2589 877 2648 alias
903 2589 983 2650 duas
1006 2589 1129 2652 strictas
1161 2589 1260 2667 albas,
1293 2588 1332 2650 de
1358 2608 1509 2670 purpure,

246 2715 326 2756 auro
350 2694 469 2774 thexta,
494 2714 567 2756 curn
592 2695 657 2756 suis
685 2694 875 2756 attinenciis.

352 2801 430 2862 Item
457 2801 601 2882 quinque
626 2800 749 2862 strictas
766 2801 882 2861 rubeas
899 2800 938 2860 de
956 2800 1071 2862 attlacz
1088 2803 1210 2882 absque
1229 2801 1293 2862 suis
1318 2800 1509 2863 attinenciis.

352 2905 430 2968 Item
456 2905 576 2967 ibidem
601 2906 769 2988 posuimus
788 2905 867 2967 duas
890 2905 1012 2968 strictas
1029 2906 1117 2968 albas
1141 2907 1180 2968 de
1206 2903 1329 2985 attlacz,
1354 2925 1425 2967 curn
1445 2906 1510 2966 suis

245 3012 436 3077 attinenciis.

351 3118 429 3179 Item
453 3118 600 3179 slmiliter
624 3118 703 3179 duas
726 3119 850 3181 strictas
874 3139 948 3181 cum
972 3120 1038 3181 suis
1055 3119 1236 3181 attinenciis
1259 3117 1352 3179 flavei
1379 3117 1508 3197 coloris,

246 3223 285 3286 de
310 3225 434 3307 optimo
458 3243 609 3306 purpure.
1093 3229 1097 3238 “

350 3330 427 3392 Item
454 3343 538 3392 certa
563 3331 724 3412 quantitas
749 3331 789 3393 de
813 3349 884 3392 raso
908 3332 1009 3391 rubeo
1043 3350 1100 3412 pro
1125 3331 1198 3392 velo
1222 3330 1262 3391 ad
1288 3330 1373 3392 dlem
1401 3331 1509 3392 Paras-

252 3457 345 3499 ceves
369 3438 409 3498 ad
433 3437 666 3519 exportandum
692 3457 816 3499 sacrum
842 3437 955 3498 crisma
988 3456 1082 3499 cum:
1106 3456 1125 3498 o
1151 3436 1360 3518 Redemptor.

354 3541 431 3603 Item
445 3541 553 3603 velum
571 3561 630 3623 pro
648 3541 818 3604 festivitate
836 3542 991 3624 Corporis
1004 3541 1135 3620 Christi,
1149 3562 1221 3604 cum
1235 3542 1301 3602 suis
1318 3542 1509 3605 attinenciis.

358 3665 435 3727 Item
459 3667 500 3727 ad
525 3666 637 3728 eadem
663 3667 739 3728 cista
764 3667 866 3749 posita
891 3681 964 3729 aunt
988 3666 1098 3728 decern
1131 3667 1308 3729 humeralia
1332 3681 1363 3729 et
1386 3681 1509 3750 septem
1535 3727 1536 3730 ,

247 3771 341 3833 stolle
366 3791 437 3833 cum
464 3773 609 3854 quinque
633 3773 818 3854 manipulis.

353 3876 431 3939 Item
456 3880 489 3940 in
514 3879 649 3940 eandem
675 3879 784 3941 cistam
810 3880 978 3961 posuimus
1002 3879 1081 3940 duas
1111 3900 1243 3961 mappas
1267 3880 1375 3940 altaris
1399 3899 1510 3957 novas,

246 3983 286 4044 ad
311 3983 409 4044 altare
434 3985 542 4047 mInua
565 3985 689 4046 domiui
716 3984 851 4047 Osualdi
886 3985 1028 4067 episcopi
1062 3985 1269 4066 pertinentes,
1294 3985 1429 4046 deraso
1454 4003 1509 4066 op·

245 4089 338 4168 timo,
363 4109 426 4151 una
450 4109 568 4172 mappa
593 4091 681 4152 rubei
709 4091 807 4153 altera
832 4091 925 4151 viridi
950 4090 1077 4152 coloris.

353 4195 429 4256 Item
455 4197 495 4257 ad
521 4195 606 4258 idem
630 4198 729 4259 altare
753 4198 849 4258 tercia
875 4217 991 4279 mappa
1015 4197 1055 4258 de
1080 4197 1193 4259 attlacz
1216 4197 1312 4258 viridi
1337 4198 1466 4260 coloris.

354 4303 431 4365 Item
456 4304 624 4385 posuimus
648 4304 728 4365 duas
745 4323 877 4386 mappas
898 4304 1045 4382 maiores,
1070 4303 1108 4364 ad
1127 4323 1213 4364 aram
1240 4304 1395 4365 maiorem
1415 4304 1510 4385 perti·

246 4423 370 4488 nentes,
395 4409 434 4471 de
459 4410 584 4489 attlacz,
610 4430 672 4472 una
698 4410 792 4471 vlridi
817 4411 878 4471 alia
903 4410 993 4471 rubei
1019 4410 1147 4472 coloris.

353 4516 430 4578 Item
456 4516 495 4577 ad
528 4515 663 4578 eandem
701 4536 788 4578 aram
822 4536 883 4577 una
916 4537 1032 4597 magna
1065 4535 1179 4597 mappa
1205 4516 1244 4577 de
1269 4516 1394 4595 attlacz,
1419 4535 1508 4578 more

247 4624 391 4686 musaico
415 4623 603 4705 composita,
629 4623 750 4703 optIma
774 4637 805 4685 et
828 4643 921 4685 nova.

354 4729 432 4790 Item
456 4728 522 4790 duo
547 4725 737 4790 candelabra
762 4745 923 4810 argentea,
948 4729 1108 4792 deaurata.

354 4835 430 4896 Item
456 4835 516 4895 alia
542 4833 607 4895 duo
632 4835 823 4896 candelabra
848 4837 968 4896 maiora
1002 4849 1161 4915 argentea,
1187 4853 1249 4894 non
1276 4833 1437 4897 deaurata.

355 4941 432 5002 Item
457 4941 518 5001 due
543 4960 651 5001 cruces
675 4941 713 5001 ad
739 4941 866 5020 vexilla,
891 4960 1017 5021 magne,
1041 4955 1189 5020 argentee
1208 4941 1359 5001 deaurare
1384 4940 1424 5001 de
1449 4959 1506 5021 op-

248 5047 328 5108 timo
353 5047 473 5107 labore.
