3804 5798
412 557 476 616 226
962 554 1113 616 Rationes.

519 767 596 830 Item
628 767 701 830 dedi
736 767 854 830 Mathie
886 767 957 829 XIII
988 767 1082 846 den.‚
1113 767 1169 849 qui
1201 767 1369 850 disposuit
1384 769 1590 852 capisterium
1615 771 1673 832 cir·

411 877 499 938 cuitu
524 874 660 938 fontem.

878 982 1011 1044 Summa
1036 981 1110 1044 facit
1135 982 1173 1044 III
1198 981 1258 1044 flor
1294 981 1321 1043 C
1343 997 1377 1082 et
1400 983 1528 1078 XLVIII
1553 983 1626 1046 den.

518 1089 595 1151 Item
621 1089 695 1150 dedi
720 1081 873 1171 magist'ro
900 1089 1027 1151 Andrea
1049 1089 1250 1172 carpentario
1274 1088 1392 1150 XXXII
1417 1089 1502 1168 den.‚
1527 1091 1583 1172 qui
1607 1089 1672 1151 edi-

302 1185 310 1196 ’
413 1194 521 1258 ficavit
544 1195 631 1277 ligna
656 1194 695 1256 ad
720 1209 860 1277 quatuor
883 1194 1017 1278 pixides,
1041 1215 1121 1277 quas
1145 1195 1283 1257 emimus
1306 1215 1324 1256 a
1347 1195 1486 1276 gwrtlar.

518 1302 595 1364 Item
611 1302 685 1365 dedi
700 1302 816 1364 Milecz
830 1301 922 1364 fabro
936 1302 963 1366 C
977 1302 1062 1382 den.‚
1076 1303 1131 1384 qui
1146 1303 1302 1385 disposuit
1314 1301 1395 1365 ferra
1408 1303 1448 1365 ad
1466 1303 1523 1366 CC
1535 1306 1674 1386 sagittas.

519 1409 596 1471 Item
622 1409 696 1472 dedi
721 1409 847 1472 Briccio
872 1408 963 1472 fabro
989 1408 1117 1472 LXVIII
1146 1409 1231 1486 den.‚
1255 1410 1310 1490 qui
1344 1407 1504 1472 edificavit
1529 1409 1673 1474 CCCVII

413 1515 494 1578 serra
519 1516 559 1578 ud
587 1517 725 1598 sagittas.

519 1623 596 1686 Item
621 1623 696 1685 dedi
713 1623 880 1685 Anthouio
896 1623 996 1684 sutori
1015 1622 1119 1704 jurato
1138 1621 1197 1684 CX
1221 1622 1294 1683 den.
1312 1641 1370 1704 pto
1388 1623 1515 1685 duobus
1531 1622 1675 1684 curribus

412 1749 563 1808 asserum,
587 1731 705 1812 quibus
729 1729 835 1812 paravi
859 1729 1081 1811 pagimentum
1107 1729 1139 1789 in
1164 1741 1250 1790 turre
1275 1748 1373 1810 penes
1397 1729 1580 1811 portellam.

518 1835 596 1898 Item
622 1835 696 1896 dedi
729 1835 824 1896 Petro
856 1833 1001 1896 Herncer
1032 1833 1089 1895 XII
1123 1835 1215 1912 den.‚
1248 1835 1305 1916 qui
1337 1833 1498 1897 edIficsvit
1530 1833 1675 1896 ferrand

413 1940 471 2004 CC
494 1943 633 2024 sagittas.

518 2049 596 2110 Item
621 2048 801 2130 recepimus
824 2067 877 2109 sex
902 2048 1007 2110 trabes
1031 2045 1071 2108 ad
1089 2065 1216 2107 murum
1235 2046 1371 2107 civitatis
1395 2067 1412 2107 a
1436 2047 1528 2128 glore
1554 2047 1672 2108 Mathis

414 2171 592 2238 tergowecz
625 2174 682 2237 pro
717 2154 772 2216 LX
804 2139 876 2216 den.
914 2153 992 2214 Item
1025 2173 1043 2214 a
1080 2152 1219 2214 MartIno
1251 2152 1357 2214 iudice
1390 2153 1469 2214 duas
1493 2154 1597 2215 trabes
1618 2173 1674 2234 pro

412 2261 473 2323 XX
502 2261 575 2323 den.

519 2367 597 2428 Item
620 2365 694 2427 dedi
720 2364 871 2426 Domarci
897 2385 970 2426 cum
1003 2384 1069 2428 uno
1093 2365 1193 2444 socio,
1226 2364 1281 2446 qui
1315 2365 1469 2426 conduxit
1493 2367 1591 2427 boves
1617 2366 1674 2426 do-

413 2474 502 2536 miuo
528 2474 617 2535 Bsno
641 2472 681 2534 ad
699 2470 932 2532 Warasdinum
956 2469 1160 2532 LXXXXIIII
1186 2471 1259 2532 den.

518 2580 596 2642 Item
621 2577 753 2661 exposui
777 2596 872 2658 super
896 2577 1006 2659 papira
1031 2578 1071 2638 ad
1096 2578 1363 2639 communitatem
1387 2597 1445 2659 pro
1470 2577 1527 2640 LX
1552 2579 1624 2640 den.

993 2685 1125 2746 Summa
1151 2681 1226 2744 facit
1259 2683 1283 2744 II
1308 2683 1377 2746 flor.
1404 2683 1533 2746 LXXVI
1559 2685 1631 2747 deu.

519 2791 596 2854 Item
621 2793 803 2873 reprerunt
828 2789 976 2852 MIchaeIi
1007 2787 1135 2872 pellifici
1172 2808 1208 2850 ac
1233 2790 1369 2851 institori
1403 2792 1546 2871 quinque
1571 2792 1674 2852 trabes

412 2899 452 2960 ad
477 2918 604 2960 murum
630 2897 776 2976 civitatis,
800 2897 855 2979 qui
881 2893 1109 2958 edificaverunt
1133 2896 1233 2958 scalas
1256 2915 1315 2978 pro
1341 2897 1427 2958 LXX
1452 2897 1524 2959 den.

518 3005 595 3066 Item
619 3019 766 3066 tenemur
789 3003 956 3064 Anthonio
980 3002 1078 3064 iudici
1102 3021 1161 3084 pro
1190 3003 1298 3084 precio
1323 3005 1409 3083 equI,
1434 3023 1533 3084 quum
1560 3005 1671 3064 ambu-

412 3110 489 3172 lavit
513 3110 709 3172 Laurentius
734 3109 855 3172 iuratus
872 3128 945 3170 cum
964 3109 1111 3170 Iohanne
1130 3108 1234 3170 iudice
1261 3109 1415 3170 Perouicz
1440 3109 1480 3169 ad
1505 3109 1671 3170 dominum

414 3216 549 3294 Banum,
559 3230 696 3298 perocto
706 3215 784 3294 dies,
798 3214 933 3297 perXVI
945 3213 1043 3296 (den.)
1053 3233 1109 3297 per
1132 3233 1233 3275 unum
1243 3211 1421 3291 dIem‚Iacit
1432 3214 1591 3277 CXXVIII
1602 3215 1673 3276 den.

518 3321 595 3383 Item
621 3322 758 3383 emImus
783 3339 882 3382 unum
916 3321 1119 3402 capisterium
1145 3340 1162 3380 a
1195 3319 1363 3382 Clemente
1398 3320 1504 3382 Cecka
1535 3340 1594 3402 pro
1619 3321 1673 3382 XL

413 3427 486 3490 den.
511 3427 551 3490 ad
576 3425 709 3490 fontem.

519 3534 597 3596 Item
621 3535 685 3595 emi
710 3534 749 3596 de
774 3531 849 3596 feno
873 3533 913 3593 ad
931 3532 1195 3594 communitatem
1221 3551 1279 3614 pro
1303 3531 1360 3595 CC
1386 3533 1459 3594 den.

520 3641 596 3701 Item
629 3659 686 3721 pro
723 3658 859 3700 munere
892 3638 1044 3720 Stephani
1080 3639 1207 3700 comitis
1249 3637 1337 3699 dedit
1368 3637 1463 3700 iudex
1501 3638 1511 3698 I
1543 3637 1612 3700 flor.
1645 3651 1674 3700 et

413 3744 534 3807 XXXX
558 3745 630 3806 deu.

836 3831 968 3893 Summa
993 3830 1067 3892 facit
1092 3831 1102 3892 I
1127 3830 1196 3892 flor.
1231 3829 1472 3894 CCCCXXXX
1497 3831 1570 3893 den.

836 3937 967 3998 Summa
985 3957 1206 4019 sumpmarum
1226 3938 1328 3998 tocius
1356 3937 1529 4020 superioris
1553 3936 1674 4017 registri

834 4041 908 4104 facit
932 4043 1047 4104 CXXII
1072 4043 1141 4107 flor.
1166 4057 1196 4104 et
1220 4043 1341 4105 XXXX
1364 4045 1436 4107 den.

520 4151 597 4212 Item
623 4149 718 4210 iudex
749 4150 900 4210 remansit
936 4151 1062 4211 debitor
1097 4151 1129 4210 in
1166 4152 1293 4211 racione
1331 4149 1466 4210 civitatis
1504 4149 1513 4209 I
1546 4148 1618 4211 flor.
1644 4162 1673 4208 et

416 4258 532 4318 LXXX
564 4257 637 4318 den.
1323 4339 1326 4346 Δ

520 4363 596 4424 Item
622 4363 696 4423 dedi
729 4382 786 4444 pro
817 4376 888 4424 taxa
924 4363 1048 4424 domini
1085 4363 1169 4444 regis
1202 4361 1353 4442 magistro
1386 4360 1558 4422 Francisco
1593 4361 1674 4422 Kara

415 4468 564 4532 CCXXX
589 4467 659 4531 flor.

520 4576 598 4638 Item
619 4575 697 4637 dedi
730 4577 863 4654 civibus,
899 4577 954 4656 qui
988 4589 1213 4636 concesserunt
1246 4575 1417 4657 pecuniam
1451 4574 1670 4635 communitati

415 4680 560 4743 CXXVII
585 4681 654 4744 flor.

520 4787 597 4849 Item
623 4801 749 4849 tenetur
773 4787 851 4848 mihi
877 4788 1092 4848 communitas
1124 4786 1206 4848 VIIII
1233 4785 1313 4864 flor,
1347 4806 1429 4868 quos
1454 4805 1671 4848 concessorem

413 4894 453 4954 ad
478 4893 606 4954 dacium
631 4894 714 4974 regis
738 4894 971 4958 communitati.

521 4999 598 5060 Item
622 4999 722 5060 Paulo
747 4999 856 5061 Italico
877 5013 1005 5062 tenetur
1030 4999 1129 5060 eciam
1156 4997 1209 5059 IIII
1235 5001 1305 5066 flor.

938 5137 1150 5156 ——o-e-o—
