3810 5806
878 521 964 578 Anno
986 516 1079 596 1508.

348 735 403 797 rici
423 734 552 796 Therek
569 735 609 795 de
635 730 808 815 Kennygg*
833 734 872 794 ab
890 732 1067 812 occidente,
1092 747 1122 794 er
1148 732 1231 794 inter
1258 732 1393 794 domum
1417 746 1448 794 et
1472 730 1609 793 fundum

347 843 405 902 viri
429 841 576 902 similiter
600 840 726 922 providi
752 853 783 902 et
807 839 932 901 honesti
950 839 1112 900 Valentini
1130 839 1246 901 sutoris
1267 859 1284 898 a
1302 838 1505 900 meridionali
1524 839 1606 899 inter

348 947 426 1009 duas
443 948 565 1031 plateas
588 965 792 1024 communes,
818 965 916 1007 unam
939 966 955 1007 a
981 946 1210 1029 septemtrione
1242 959 1274 1008 et
1297 944 1394 1006 aliam
1424 947 1464 1006 ab
1490 944 1614 1006 oriente

352 1055 456 1133 sitam,
489 1054 630 1116 habitam
662 1065 693 1114 et
727 1053 934 1130 existentem,
967 1071 1063 1113 unam
1105 1052 1225 1114 curiam
1258 1052 1421 1132 integram
1454 1051 1493 1112 ad
1519 1070 1613 1112 usum

353 1161 488 1222 civitatis
505 1157 626 1242 prefate
651 1159 682 1219 in
707 1179 740 1220 se
765 1158 995 1237 continentem,
1020 1159 1121 1219 nobili
1152 1171 1183 1220 et
1206 1158 1356 1241 prudenti
1381 1157 1451 1220 viro
1474 1157 1612 1218 lohanni

349 1266 483 1348 Posegaj
509 1265 605 1344 dicto,
629 1265 852 1326 tricesimatori
869 1264 1068 1346 zagrabiensi
1094 1263 1252 1326 etVrsule
1276 1283 1392 1346 sponse
1415 1283 1472 1325 sue
1496 1283 1533 1324 ac
1556 1283 1613 1344 per

348 1392 422 1435 eum
447 1373 513 1434 suis
536 1372 708 1434 heredibus
732 1390 791 1453 pro
815 1371 1049 1453 quinquaginta
1081 1369 1150 1434 flor,
1183 1370 1252 1432 auri
1277 1369 1424 1431 vendidit
1446 1369 1516 1452 jure
1542 1389 1610 1452 per·

347 1493 445 1562 petuo
470 1478 709 1561 possidendam.
734 1482 831 1539 Anno
857 1478 990 1539 Domini
1020 1500 1029 1539 r
1039 1497 1111 1557 502.

454 1583 552 1657 Quod
577 1584 652 1665 quia
677 1583 725 1644 vir
749 1583 903 1665 providus
920 1598 951 1645 et
968 1582 1120 1644 honestus
1139 1582 1314 1664 Gregorius
1331 1583 1486 1660 literatus,
1503 1581 1611 1642 senior

347 1690 467 1771 juratus
480 1705 511 1752 et
526 1690 667 1751 concivis
685 1705 803 1769 noster,
820 1689 982 1770 quandam
999 1703 1115 1751 terram
1134 1709 1224 1750 suam
1242 1689 1424 1768 amabilem,
1441 1708 1495 1750 sex
1509 1688 1611 1750 dietas

348 1797 380 1858 in
404 1817 436 1857 se
460 1798 697 1875 continentem,
732 1797 764 1858 in
796 1797 957 1859 territorio
988 1815 1044 1858 seu
1077 1816 1191 1879 campo
1223 1811 1330 1859 nostre
1361 1796 1498 1859 civitatis
1530 1795 1612 1857 inter

347 1917 445 1965 terras
469 1904 621 1965 errabiles
645 1925 663 1965 a
687 1917 776 1986 parte
809 1903 955 1965 orientali
988 1923 1086 1986 penes
1118 1917 1233 1964 terram
1267 1902 1421 1965 arabilem
1447 1900 1612 1963 colendini

346 2031 403 2072 seu
427 2009 695 2072 confraternitatis
719 2024 876 2088 sutorum,
901 2029 918 2070 a
944 2024 1031 2092 parte
1064 2029 1139 2072 vero
1172 2009 1364 2072 occidentali
1390 2028 1488 2092 penes
1512 2021 1611 2069 terras

347 2117 483 2179 arabiles
506 2116 675 2199 hospitalis
698 2130 805 2178 sancte
841 2116 941 2177 Marie
966 2116 1145 2177 Anunciate
1179 2117 1211 2176 in
1244 2116 1327 2177 dicta
1352 2129 1460 2176 nostra
1484 2115 1613 2176 civitate

347 2222 483 2302 fundati,
507 2244 524 2284 a
549 2237 637 2305 parte
676 2242 751 2283 vero
785 2222 990 2285 meridionali
1024 2242 1125 2304 usque
1158 2222 1325 2300 fossatum,
1350 2235 1479 2304 aparte
1505 2233 1610 2282 autem

346 2331 599 2412 septemtrionali
623 2349 722 2412 penes
745 2329 831 2390 viam
849 2349 1056 2390 communem
1073 2329 1214 2390 habitam
1234 2343 1265 2391 et
1288 2329 1488 2406 existentem,
1506 2327 1610 2410 ipsum

346 2437 468 2498 scilicet
493 2435 668 2516 Georgium
688 2435 850 2497 literatum
880 2449 952 2517 post
981 2448 1120 2497 mortem
1150 2449 1181 2498 et
1204 2435 1351 2496 similiter
1375 2433 1612 2496 testamentaria

345 2542 511 2624 legacione
535 2541 671 2602 condam
697 2541 806 2602 lacobi
837 2540 1020 2623 Bekethych
1046 2541 1122 2602 dicti
1151 2542 1230 2603 olim
1260 2541 1401 2602 concivis
1418 2539 1518 2600 nostri
1536 2537 1606 2620 jure

346 2653 542 2710 successorio
568 2662 599 2710 et
629 2647 778 2708 similiter
814 2648 898 2708 linea
931 2645 1094 2709 affinitatis
1125 2662 1279 2729 tanquam
1312 2647 1344 2708 in
1377 2644 1516 2708 eundem
1541 2644 1611 2706 des-

347 2755 439 2816 cendi
463 2769 721 2832 concernentem,
742 2754 838 2815 simul
855 2773 927 2815 cum
947 2755 1100 2814 omnibus
1117 2753 1262 2815 eiusdem
1279 2767 1362 2816 terre
1380 2751 1509 2814 arabilis
1526 2750 1612 2812 utili-

346 2862 474 2940 tatibus,
498 2860 621 2942 juribus
645 2874 716 2940 etc,
741 2861 843 2922 nobili
869 2875 899 2922 et
932 2861 1080 2942 prudenti
1115 2861 1184 2922 viro
1208 2860 1346 2922 lohanni
1373 2857 1519 2940 Posegaj,
1544 2877 1612 2919 mo-

347 2967 448 3030 derno
471 2966 570 3048 judici
595 2981 715 3046 nostr0,
740 2987 776 3028 ac
800 2987 857 3048 per
881 2987 955 3028 eum
979 2967 1044 3028 suis
1061 2966 1233 3028 heredibus
1257 2985 1315 3049 pro
1340 2964 1513 3027 duodecim
1538 2983 1611 3025 cum

347 3073 456 3135 medio
480 3073 549 3135 flor.
574 3073 654 3151 auri,
679 3093 735 3154 per
759 3073 897 3134 eundem
922 3073 1102 3134 Johannem
1133 3071 1265 3154 Posegaj
1299 3071 1438 3154 judicem
1464 3081 1609 3131 nostrum

346 3178 470 3262 prelato
495 3178 637 3260 Georgio
662 3179 799 3258 literam,
831 3193 927 3262 prout
959 3180 1093 3261 ipsemet
1124 3180 1218 3241 nobis
1250 3177 1378 3256 retulit,
1402 3177 1498 3260 plen'e
1529 3175 1611 3237 datis

347 3300 377 3348 et
400 3287 570 3368 persolutis
594 3286 625 3346 in
652 3299 842 3368 perpetuum
867 3285 1006 3348 dedisset
1031 3300 1061 3347 et
1086 3285 1337 3348 irrevocabiliter
1361 3282 1589 3366 possidendam
1602 3284 1616 3358 ;'

347 3393 397 3454 cui
422 3393 495 3454 data
521 3407 568 3454 est
597 3393 687 3454 litera
719 3393 929 3474 privilegialis
960 3391 1038 3454 feria
1063 3406 1149 3455 sexta
1174 3394 1206 3453 in
1232 3389 1313 3454 festo
1337 3391 1422 3452 beati
1440 3388 1607 3471 Pangracii

347 3500 494 3562 martiris.
525 3500 617 3580 1508.

453 3659 468 3692 *
487 3655 561 3724 fors:
581 3655 729 3727 Hennigg.
