3842 5802
406 573 445 614 22
982 549 1069 608 Anno
1091 558 1181 626 1475.

406 767 563 848 usquead
587 766 701 827 silvam
720 777 892 846 pretactam
908 761 1007 843 ipsius
1024 760 1160 822 condam
1180 757 1298 820 Mathie
1315 759 1476 840 arcuparis
1497 771 1528 820 et
1552 759 1616 821 exit
1633 759 1673 820 ad

405 873 577 956 quemdam
604 871 711 954 fagum
737 890 835 953 penes
859 868 976 929 dictam
1002 851 1114 928 silv'am
1141 866 1240 948 ipsius
1269 863 1406 926 condam
1432 864 1552 926 Mathia
1576 885 1666 927 arcu-

404 981 488 1063 paris
511 1000 570 1063 pro
595 992 679 1041 meta
705 997 798 1040 cruce
823 976 933 1054 incisa,
958 974 1075 1036 deinde
1100 973 1234 1035 ulterius
1266 971 1409 1033 ascendit
1432 991 1490 1054 per
1514 991 1669 1034 cacumen

405 1087 524 1149 montis
549 1085 668 1148 directe
694 1099 725 1146 et
749 1083 835 1145 cadit
859 1083 891 1144 in
917 1081 1095 1163 predictam
1112 1081 1197 1141 viam
1221 1081 1261 1140 ab
1287 1078 1356 1160 ipso
1375 1078 1542 1140 occidente
1567 1079 1672 1158 sitam,

404 1194 514 1274 sicque
538 1191 752 1253 terminantur
776 1190 844 1272 ipse
868 1201 966 1267 mete,
990 1207 1063 1249 cum
1098 1186 1251 1248 omnibus
1284 1184 1428 1246 eiusdem
1452 1179 1531 1247 silve
1555 1185 1674 1247 utilita-

404 1300 489 1360 tibus
511 1296 728 1359 vendiderunt
752 1293 889 1377 provido
913 1307 944 1355 et
972 1293 1108 1354 honesto
1141 1291 1211 1353 viro
1236 1289 1376 1353 iohanni
1401 1291 1519 1353 Bolsalr
1543 1292 1670 1374 pridem

405 1403 502 1484 judici
527 1416 557 1464 et
581 1403 706 1464 concivi
732 1415 840 1463 nostro
874 1419 932 1482 pro
963 1399 1117 1461 tredecim
1152 1397 1221 1460 lior.
1254 1398 1323 1459 ouri
1359 1417 1414 1480 per
1438 1398 1578 1460 eundem
1602 1398 1670 1480 jure

404 1523 559 1592 perpetuo
584 1522 614 1570 et
637 1507 889 1570 irrevocabiliter
914 1505 1142 1588 possidendam
1166 1525 1202 1565 ac
1226 1503 1313 1585 juxta
1338 1503 1565 1566 condicionem
1591 1503 1670 1565 civi-

406 1617 478 1680 tatis
502 1629 668 1698 prenotate
694 1613 947 1696 disponendam;
972 1611 1022 1673 cui
1048 1611 1119 1672 data
1145 1624 1191 1670 est
1215 1611 1305 1671 litera
1330 1609 1550 1691 privilegialis.

514 1721 612 1796 Quod
636 1720 772 1804 provida
798 1719 915 1782 mulier
940 1719 1078 1780 Barbara
1095 1729 1208 1779 vocata
1234 1716 1342 1777 relicta
1360 1714 1498 1777 condam
1522 1717 1582 1778 viri
1599 1735 1672 1797 pro-

405 1828 471 1890 vidi
498 1827 646 1908 Gregorii
678 1825 736 1888 filii
769 1824 901 1906 Georgii
935 1823 1159 1886 inhabitatoris
1200 1837 1306 1884 nostre
1339 1822 1476 1884 civitatis
1507 1822 1673 1904 quandam

409 1933 614 1996 medietatem
639 1933 731 1994 vinee
755 1951 810 1992 sue
840 1932 872 1992 io
905 1929 1065 1992 territorio
1097 1942 1207 1990 nostro
1240 1929 1395 2006 habitam,
1420 1948 1518 2011 penes
1542 1929 1670 1990 vineam

404 2041 463 2101 viri
487 2039 615 2122 providi
648 2039 738 2100 Pauli
771 2035 934 2118 lagathicz
966 2035 1112 2098 moderni
1145 2035 1239 2116 jurati
1270 2055 1307 2096 ac
1339 2035 1480 2097 concivis
1516 2035 1626 2114 nostri,
1653 2055 1670 2095 a

404 2147 645 2230 septemtrione,
669 2165 705 2207 ac
728 2145 867 2226 desuper
891 2165 907 2205 a
933 2143 983 2204 via
1015 2143 1180 2205 communi
1212 2144 1252 2204 ab
1284 2144 1397 2204 arbore
1423 2142 1513 2225 pomi
1538 2141 1670 2203 descen-

405 2251 512 2314 dendo
536 2272 592 2334 per
616 2251 743 2313 vineam
768 2249 900 2312 totalem
926 2248 966 2312 ad
983 2250 1132 2310 arborem
1158 2248 1260 2310 cerusi
1278 2248 1386 2330 magni
1417 2247 1548 2326 fructus,
1573 2261 1603 2308 et
1628 2248 1668 2308 de

405 2357 517 2420 eadem
543 2359 657 2419 arbore
682 2357 784 2418 cerusi
809 2355 974 2418 descendit
1008 2353 1090 2416 infra
1114 2353 1154 2416 ad
1187 2354 1319 2416 terciam
1351 2356 1499 2416 arborem
1523 2354 1671 2416 similiter

405 2465 494 2547 pomi
519 2477 550 2524 et
573 2463 648 2524 inde
673 2462 758 2524 cadit
781 2461 821 2522 ad
846 2461 932 2522 viam
949 2480 1155 2522 communem
1180 2461 1332 2522 omuibus
1349 2461 1462 2522 vicinis
1487 2460 1669 2522 deservien-

404 2584 480 2647 tem,
505 2583 536 2630 et
559 2569 603 2630 sic
628 2568 869 2649 distinguuntur
893 2581 976 2628 mete
1001 2581 1032 2628 et
1055 2566 1172 2628 divisio
1202 2567 1346 2628 eiusdem
1371 2567 1474 2645 vinee,
1500 2586 1573 2628 cum
1598 2585 1667 2627 om·

405 2675 500 2736 nibus
523 2675 716 2736 utilitatibus
750 2673 897 2735 vendidit
929 2673 998 2734 viro
1031 2673 1169 2754 provido
1202 2672 1368 2735 Anthonio
1400 2672 1467 2735 filio
1490 2673 1669 2735 Clementis

405 2779 610 2841 inhabitatori
636 2792 743 2841 nostre
768 2779 906 2840 civitatis
930 2797 989 2861 pro
1007 2797 1125 2839 novem
1147 2777 1216 2840 flor.
1234 2779 1302 2840 auri
1327 2778 1396 2860 jure
1421 2791 1578 2862 perpetuo
1596 2793 1666 2858 etc,

404 2907 440 2948 ac
464 2887 550 2948 iuxta
575 2885 802 2948 condicionem
828 2885 963 2946 civitatis
987 2899 1094 2946 nostre
1112 2884 1368 2966 disponendam3
1393 2885 1444 2947 cui
1469 2886 1542 2948 data
1568 2897 1615 2947 est
1630 2885 1669 2946 li·

406 3007 472 3054 tera
500 2991 720 3074 privilegialis.

511 3098 609 3172 Quod
635 3099 761 3160 Marcus
786 3097 1007 3160 Gwralrowicz
1032 3111 1183 3161 executor
1212 3099 1393 3160 testamenti
1421 3099 1559 3161 verbalis
1590 3119 1666 3161 con·

405 3205 478 3266 dam
504 3204 649 3266 mulieris
670 3205 919 3284 Margarethicza
940 3217 1052 3266 vocate
1075 3204 1183 3266 relicte
1208 3204 1345 3266 condam
1365 3203 1543 3266 Clementis
1568 3202 1662 3265 freni-

405 3311 500 3393 paris,
526 3310 605 3372 olim
630 3310 770 3371 concivis
794 3311 904 3390 nostri,
937 3310 1126 3372 vendiderat
1158 3311 1331 3392 quemdam
1358 3309 1494 3371 fundum
1518 3311 1665 3372 eiusdem

407 3416 516 3478 relicte
541 3416 734 3496 Margeticza
759 3429 881 3495 vocate,
899 3415 1049 3477 videlicet
1065 3435 1161 3477 unam
1180 3417 1305 3478 stubam
1324 3435 1396 3476 cum
1421 3435 1546 3478 camera
1563 3417 1667 3478 eidem

405 3522 571 3584 adiacente
596 3535 627 3583 et
658 3522 798 3604 pretorio
830 3541 925 3604 super
958 3521 1092 3583 domum
1125 3536 1283 3583 muratam
1316 3535 1347 3582 et
1379 3541 1508 3584 murum
1533 3523 1669 3584 civitatis

404 3642 510 3690 nostre
536 3647 635 3710 penes
658 3641 782 3709 portam
808 3627 969 3709 lapideam
996 3627 1202 3703 existentem
1224 3627 1301 3688 item
1326 3647 1473 3689 securum
1499 3628 1667 3692 introitum
1716 3679 1717 3682 ,

403 3754 460 3817 per
484 3746 610 3815 portam
636 3747 667 3794 et
691 3732 828 3794 liberum
853 3752 1019 3794 ascensum
1046 3754 1102 3815 per
1118 3733 1237 3814 gradus
1254 3753 1290 3794 ac
1313 3733 1413 3795 libera
1438 3735 1489 3795 via
1514 3735 1554 3795 ad
1579 3737 1665 3796 cloa-

404 3859 473 3902 cam
499 3841 530 3901 in
556 3859 648 3900 muto
673 3839 791 3918 habita,
820 3852 850 3901 et
882 3859 976 3900 usum
1008 3840 1142 3902 cisterne
1174 3840 1207 3900 in
1242 3840 1311 3922 ipso
1347 3838 1448 3902 fundo
1473 3840 1597 3917 habite;
1630 3861 1666 3902 ac

404 3946 567 4027 quandam
600 3945 776 4007 stacionem
809 3965 906 4026 penes
938 3945 1105 4006 introitum
1150 3960 1241 4028 porte
1273 3945 1435 4024 habitam;
1467 3947 1522 4008 sed
1558 3961 1665 4007 tamen

404 4052 550 4113 Thomas
573 4065 661 4112 sutor
685 4049 769 4112 filius
795 4052 949 4113 Demetrii
975 4051 1015 4113 de
1040 4051 1116 4113 villa
1141 4050 1298 4113 Omnium
1324 4053 1516 4114 Sanctorum
1540 4053 1665 4134 pridem

404 4157 524 4238 juratus
548 4169 578 4217 et
602 4157 744 4218 concivis
768 4169 876 4220 noster
899 4157 1046 4218 conscius
1071 4157 1139 4219 eius
1172 4172 1202 4218 et
1224 4177 1334 4238 gener,
1359 4173 1525 4240 tamquam
1550 4159 1666 4220 melius

403 4264 515 4325 volens
547 4277 577 4324 et
608 4275 775 4345 tamquam
811 4265 916 4346 ipsum
951 4264 1106 4344 legittime
1147 4277 1394 4327 concernentem
1431 4284 1489 4347 pro
1514 4265 1666 4347 predictis

405 4371 516 4431 decem
542 4369 610 4431 flor.
644 4389 717 4430 cum
741 4370 962 4432 additamento
992 4371 1088 4432 trium
1125 4371 1193 4433 flor.
1225 4392 1284 4454 pto
1307 4390 1339 4432 se
1372 4371 1483 4433 habuit
1507 4371 1575 4454 jure
1600 4392 1664 4433 me·

406 4476 525 4552 diante,
553 4495 625 4537 cum
650 4478 768 4557 quibus
792 4477 903 4539 decem
928 4475 997 4540 flor.
1026 4477 1231 4558 obligabatur
1262 4478 1322 4538 sibi
1347 4475 1488 4559 prefatus
1514 4477 1666 4539 Clemens

402 4580 554 4660 frenator,
578 4602 673 4664 super
697 4583 815 4664 quibus
831 4583 898 4664 ipse
922 4583 1068 4644 Thomas
1085 4583 1234 4665 deposuit
1250 4583 1465 4664 juramentum
1483 4583 1515 4645 in
1534 4584 1665 4646 ecclesia

403 4689 503 4750 sancti
529 4690 639 4768 Marci,
663 4709 735 4750 cum
754 4690 905 4751 omnibus
930 4689 1074 4751 eiusdem
1092 4689 1183 4750 fundi
1202 4691 1394 4752 utilitatibus
1418 4711 1454 4753 ac
1478 4691 1565 4753 iuxta
1590 4711 1665 4752 con-

404 4796 564 4858 dicionem
591 4796 727 4858 civitatis
751 4811 857 4857 nostre
883 4797 921 4858 de
947 4797 1058 4858 eadem
1093 4798 1306 4878 disponendi3
1332 4799 1381 4858 cui
1407 4798 1479 4860 data
1504 4811 1552 4860 est
1575 4798 1666 4860 litera

402 4901 623 4982 privilegialis.

510 5007 606 5088 Quod
640 5007 773 5102 provida
804 5008 919 5070 mulier
954 5009 1145 5092 Magdaleoa
1177 5009 1286 5083 relicta
1318 5009 1455 5084 condam
1489 5007 1580 5082 Pauli
1605 5007 1664 5081 filii
