3804 5798
468 1783 668 1842 Inventarium
700 1779 877 1839 cathedralis
899 1778 1010 1836 ecclesie
1039 1772 1248 1850 aagrabr'ensis,
1269 1774 1381 1845 factum
1404 1790 1484 1831 anno
1507 1779 1597 1847 1474.

404 1993 442 2068 ln
470 1992 613 2068 nomine
642 1989 787 2076 domini,
809 2011 923 2079 amen,
949 1987 1096 2086 eiusque
1117 1985 1242 2061 matris
1261 1984 1410 2082 uirginis
1437 1982 1601 2082 gloriose
1621 2004 1662 2056 ac

402 2117 500 2193 beati
530 2114 705 2215 Stephani
743 2114 843 2212 regis
880 2112 1146 2211 infrascriptum
1182 2109 1417 2184 inventarium
1445 2107 1664 2182 estfactum

403 2266 468 2342 per
495 2238 829 2315 reverendissimum
850 2237 884 2311 in
914 2234 1059 2312 Christo
1088 2242 1227 2334 patrem
1259 2233 1438 2308 dominum
1468 2229 1665 2308 Osualdum

404 2365 613 2464 episcopum
633 2361 909 2460 aagrabiensem
928 2383 971 2435 ac
992 2367 1115 2434 certos
1136 2359 1299 2433 dominos
1320 2357 1365 2433 de
1382 2355 1551 2456 Capitulo
1573 2355 1665 2430 eius·

403 2488 484 2564 dem
512 2487 705 2586 peripsum
734 2483 780 2560 ad
807 2484 874 2560 boc
895 2483 1103 2583 deputatos,
1123 2482 1309 2558 videlicet:
1340 2479 1540 2580 Georgium
1569 2479 1663 2578 epis-

406 2634 533 2712 copum
562 2632 799 2685 rosonensem
829 2632 871 2684 ac
890 2607 1158 2706 suffraganeum
1179 2607 1334 2682 ecclesie
1363 2604 1583 2704 supradicte,
1604 2602 1666 2677 do-

405 2736 534 2810 minum
562 2733 710 2809 Paulum
739 2731 1026 2808 archidiaconum
1054 2731 1099 2806 de
1127 2730 1292 2818 Kemlek‚
1323 2729 1448 2831 Elyam
1478 2727 1666 2804 custodem

407 2859 672 2950 chasmensem;
702 2857 900 2955 magistros
927 2856 1072 2931 Petrum
1103 2856 1148 2931 de
1167 2854 1345 2932 Wiszoka
1373 2863 1411 2930 et
1439 2853 1669 2930 Franciscum

407 2983 452 3057 de
480 2980 696 3080 Kaprancza
724 2981 921 3056 canonicos
956 2980 1111 3056 ecclesie
1150 2980 1369 3080 supradicte,
1409 2979 1453 3054 de
1482 3001 1575 3054 anno
1605 2977 1669 3051 do-

408 3106 489 3180 mini
505 3105 693 3180 millesimo
714 3103 1069 3203 quadringentesimo
1090 3105 1365 3204 septuagesimo
1381 3111 1526 3203 ,quarto
1546 3124 1670 3176 mense

408 3231 599 3320 decembri,
629 3229 784 3304 sabbato
814 3229 871 3303 die
912 3236 997 3303 ante
1034 3228 1167 3314 festum
1202 3229 1311 3304 beate
1339 3227 1462 3316 Lucis,
1492 3225 1672 3301 derebus

410 3363 449 3431 et
476 3355 580 3430 bonis
609 3353 811 3439 mobilibus,
851 3353 1037 3428 videlicet:
1077 3353 1233 3452 reliquiis
1262 3353 1296 3427 in
1334 3376 1420 3427 auro
1449 3360 1487 3427 et
1515 3355 1672 3449 argento

408 3479 551 3579 positis
582 3486 620 3553 et
648 3478 726 3553 aliis
757 3477 855 3552 uasis
883 3477 1069 3575 argenteis
1100 3484 1138 3551 et
1165 3500 1235 3552 non
1275 3477 1474 3576 argenteis,
1503 3474 1600 3549 libris
1628 3496 1673 3548 ac

409 3603 628 3704 paramentis
657 3603 810 3678 inventis
840 3602 874 3675 in
903 3601 1072 3676 sacristia
1099 3609 1139 3676 et
1171 3601 1400 3677 thesauraria
1428 3599 1583 3675 ecclesie
1612 3620 1671 3672 aa·

938 3725 1153 3824 grabiensis.
1589 3727 1603 3746 ²

519 3936 628 3998 Primo
652 3955 736 3998 unus
760 3935 842 3997 calix
867 3953 940 3996 cum
965 3949 1080 4017 patena
1097 3955 1164 4015 sua,
1188 3935 1228 3996 de
1257 3955 1335 3997 auro
1360 3955 1452 4018 pur0,
1477 3935 1600 3997 habens
1616 3955 1674 3997 no-

414 4045 490 4106 dum
517 4043 548 4103 in
574 4041 683 4103 medio
709 4061 780 4102 cum
805 4062 859 4102 sex
883 4041 1013 4103 nodulis
1029 4061 1085 4103 seu
1105 4041 1211 4124 globis
1236 4043 1267 4103 in
1292 4062 1431 4124 quorum
1450 4042 1578 4104 duobus
1601 4057 1677 4104 sunt

414 4149 480 4210 duo
504 4147 623 4230 saphiri
648 4161 679 4210 et
703 4148 735 4207 in
753 4147 880 4209 duobus
904 4148 975 4209 aliis
992 4148 1057 4210 duo
1074 4149 1224 4210 smeraldi
1250 4163 1281 4211 et
1305 4150 1336 4209 in
1363 4149 1433 4210 aliis
1456 4148 1583 4211 duobus
1607 4148 1675 4210 duo

413 4256 548 4338 granati,
571 4267 602 4316 et
627 4255 659 4315 in
683 4255 764 4336 pede
789 4255 896 4316 calicis
928 4255 1075 4317 similiter
1106 4255 1172 4317 duo
1204 4254 1336 4336 saphiri,
1369 4255 1435 4316 duo
1459 4255 1610 4317 smeraldi
1644 4271 1677 4317 et

416 4363 482 4424 duo
507 4362 642 4441 granati,
677 4361 829 4443 ponderis
864 4362 960 4422 trium
996 4381 1175 4423 marcarum
1201 4373 1231 4422 et
1256 4375 1397 4442 quatuor
1422 4360 1565 4444 nehezyk
1602 4382 1674 4424 cum

417 4469 554 4530 dimidio
578 4468 752 4548 vulgariter
776 4468 879 4547 dictis,
904 4483 1047 4550 repertus
1071 4482 1128 4548 est,
1149 4481 1180 4529 et
1197 4467 1350 4530 deficiunt
1374 4467 1438 4530 duo
1465 4489 1538 4530 cum
1567 4470 1676 4530 medio

417 4575 561 4657 nchezyk
578 4589 674 4656 prout
698 4575 730 4635 in
755 4575 888 4655 registro
913 4576 1048 4656 antiquo
1073 4589 1119 4637 est
1143 4575 1313 4656 signatum.

523 4681 600 4742 Item
624 4681 706 4742 alius
730 4681 812 4742 calix
836 4701 909 4742 cum
935 4695 1050 4763 patena
1073 4701 1129 4742 sua
1155 4681 1194 4743 de
1226 4695 1371 4762 argente,
1396 4682 1577 4760 deauratus,
1602 4701 1676 4744 cum

417 4787 515 4868 perlis
540 4799 570 4848 et
593 4787 757 4868 lapidibus
782 4787 934 4868 preciosis
966 4787 1101 4869 pulchro
1126 4807 1223 4870 opere
1256 4788 1424 4851 decoratus
1447 4801 1512 4849 tam
1538 4789 1569 4848 in
1595 4789 1678 4870 pede

419 4912 516 4974 quarn
541 4893 572 4952 in
598 4906 686 4974 parte
719 4893 887 4975 superiori,
919 4906 951 4954 et
983 4908 1056 4955 sunt
1088 4894 1211 4976 lapides
1243 4895 1274 4955 in
1308 4914 1442 4956 numero
1467 4895 1679 4976 quadraginta

419 4999 496 5076 duo,
521 5013 550 5060 et
577 4999 607 5058 in
634 5013 721 5079 parte
747 5000 904 5082 superiori
930 4999 1046 5062 deiecit
1076 5021 1138 5062 unu
1169 5001 1289 5080 tabula,
1314 5021 1377 5082 que
1401 5015 1508 5062 tamen
1533 5001 1679 5079 habetur,
