<?xml version="1.0" encoding="UTF-8"?>
<!DOCTYPE html PUBLIC "-//W3C//DTD XHTML 1.0 Transitional//EN"
    "http://www.w3.org/TR/xhtml1/DTD/xhtml1-transitional.dtd">
<html xmlns="http://www.w3.org/1999/xhtml" xml:lang="en" lang="en">
 <head>
  <title>
</title>
<meta http-equiv="Content-Type" content="text/html;charset=utf-8" />
  <meta name='ocr-system' content='tesseract 3.04.00' />
  <meta name='ocr-capabilities' content='ocr_page ocr_carea ocr_par ocr_line ocrx_word'/>
</head>
<body>
  <div class='ocr_page' id='page_1' title='image "./monumentahistor19laszgoog_0086.png"; bbox 0 0 3842 5802; ppageno 0'>
   <div class='ocr_carea' id='block_1_1' title="bbox 706 1613 1402 1717">
    <p class='ocr_par' dir='ltr' id='par_1_1' title="bbox 706 1613 1402 1717">
     <span class='ocr_line' id='line_1_1' title="bbox 706 1613 1402 1717; baseline 0.013 -13"><span class='ocrx_word' id='word_1_1' title='bbox 706 1615 835 1717; x_wconf 83' lang='lat' dir='ltr'>(Anno</span> <span class='ocrx_word' id='word_1_2' title='bbox 861 1615 1018 1703; x_wconf 81' lang='lat' dir='ltr'><strong>Domini</strong></span> <span class='ocrx_word' id='word_1_3' title='bbox 1045 1613 1402 1713; x_wconf 77' lang='lat' dir='ltr'>noocooxttvss.)</span> 
     </span>
    </p>
   </div>
   <div class='ocr_carea' id='block_1_2' title="bbox 417 1955 1683 2802">
    <p class='ocr_par' dir='ltr' id='par_1_2' title="bbox 421 1955 1677 2056">
     <span class='ocr_line' id='line_1_2' title="bbox 421 1955 1677 2056; baseline -0.003 -24"><span class='ocrx_word' id='word_1_4' title='bbox 421 1956 509 2032; x_wconf 85' lang='lat' dir='ltr'>Item</span> <span class='ocrx_word' id='word_1_5' title='bbox 535 1957 569 2032; x_wconf 93' lang='lat' dir='ltr'>in</span> <span class='ocrx_word' id='word_1_6' title='bbox 599 1979 692 2032; x_wconf 86' lang='lat' dir='ltr'>anno</span> <span class='ocrx_word' id='word_1_7' title='bbox 717 1955 862 2031; x_wconf 87' lang='lat' dir='ltr'>Domini</span> <span class='ocrx_word' id='word_1_8' title='bbox 891 1955 1078 2031; x_wconf 93' lang='lat' dir='ltr'>millesimo</span> <span class='ocrx_word' id='word_1_9' title='bbox 1099 1955 1453 2056; x_wconf 84' lang='lat' dir='ltr'>quadringentesimo</span> <span class='ocrx_word' id='word_1_10' title='bbox 1483 1960 1677 2054; x_wconf 83' lang='lat' dir='ltr'>septuage-</span> 
     </span>
    </p>

    <p class='ocr_par' dir='ltr' id='par_1_3' title="bbox 422 2079 1683 2180">
     <span class='ocr_line' id='line_1_3' title="bbox 422 2079 1683 2180; baseline -0.003 -24"><span class='ocrx_word' id='word_1_11' title='bbox 422 2082 512 2156; x_wconf 91' lang='lat' dir='ltr'>simo</span> <span class='ocrx_word' id='word_1_12' title='bbox 542 2081 712 2180; x_wconf 88' lang='lat' dir='ltr'>septimo,</span> <span class='ocrx_word' id='word_1_13' title='bbox 750 2089 914 2180; x_wconf 87' lang='lat' dir='ltr'>tempore</span> <span class='ocrx_word' id='word_1_14' title='bbox 951 2080 1121 2155; x_wconf 87' lang='lat' dir='ltr'>videlicet</span> <span class='ocrx_word' id='word_1_15' title='bbox 1144 2079 1325 2178; x_wconf 81' lang='lat' dir='ltr'>judicatus</span> <span class='ocrx_word' id='word_1_16' title='bbox 1354 2079 1486 2156; x_wconf 84' lang='lat' dir='ltr'>Matbie</span> <span class='ocrx_word' id='word_1_17' title='bbox 1523 2079 1683 2153; x_wconf 91' lang='lat' dir='ltr'>moderni</span> 
     </span>
    </p>

    <p class='ocr_par' dir='ltr' id='par_1_4' title="bbox 417 2201 1682 2304">
     <span class='ocr_line' id='line_1_4' title="bbox 417 2201 1682 2304; baseline -0.003 -25"><span class='ocrx_word' id='word_1_18' title='bbox 417 2201 558 2302; x_wconf 72' lang='lat' dir='ltr'>judicis</span> <span class='ocrx_word' id='word_1_19' title='bbox 598 2204 657 2280; x_wconf 86' lang='lat' dir='ltr'>filii</span> <span class='ocrx_word' id='word_1_20' title='bbox 696 2203 819 2292; x_wconf 84' lang='lat' dir='ltr'>Marci,</span> <span class='ocrx_word' id='word_1_21' title='bbox 859 2205 1014 2280; x_wconf 84' lang='lat' dir='ltr'>civitatis</span> <span class='ocrx_word' id='word_1_22' title='bbox 1052 2211 1257 2304; x_wconf 82' lang='lat' dir='ltr'>prenotate,</span> <span class='ocrx_word' id='word_1_23' title='bbox 1286 2227 1435 2304; x_wconf 85' lang='lat' dir='ltr'><strong>presens</strong></span> <span class='ocrx_word' id='word_1_24' title='bbox 1474 2203 1682 2278; x_wconf 87' lang='lat' dir='ltr'>kathernum</span> 
     </span>
    </p>

    <p class='ocr_par' dir='ltr' id='par_1_5' title="bbox 423 2325 1683 2405">
     <span class='ocr_line' id='line_1_5' title="bbox 423 2325 1683 2405; baseline -0.002 -1"><span class='ocrx_word' id='word_1_25' title='bbox 423 2337 481 2404; x_wconf 87' lang='lat' dir='ltr'>est</span> <span class='ocrx_word' id='word_1_26' title='bbox 508 2329 641 2404; x_wconf 86' lang='lat' dir='ltr'>factum</span> <span class='ocrx_word' id='word_1_27' title='bbox 662 2328 753 2405; x_wconf 87' lang='lat' dir='ltr'>feria</span> <span class='ocrx_word' id='word_1_28' title='bbox 772 2336 878 2404; x_wconf 87' lang='lat' dir='ltr'>sexta</span> <span class='ocrx_word' id='word_1_29' title='bbox 897 2337 982 2404; x_wconf 88' lang='lat' dir='ltr'>ante</span> <span class='ocrx_word' id='word_1_30' title='bbox 1002 2328 1135 2404; x_wconf 88' lang='lat' dir='ltr'>festum</span> <span class='ocrx_word' id='word_1_31' title='bbox 1155 2327 1422 2403; x_wconf 74' lang='lat' dir='ltr'>purificationis</span> <span class='ocrx_word' id='word_1_32' title='bbox 1443 2328 1551 2402; x_wconf 90' lang='lat' dir='ltr'>beate</span> <span class='ocrx_word' id='word_1_33' title='bbox 1572 2325 1683 2401; x_wconf 89' lang='lat' dir='ltr'>llarie</span> 
     </span>
    </p>

    <p class='ocr_par' dir='ltr' id='par_1_6' title="bbox 421 2454 1681 2554">
     <span class='ocr_line' id='line_1_6' title="bbox 421 2454 1681 2554; baseline -0.002 -26"><span class='ocrx_word' id='word_1_34' title='bbox 421 2455 567 2554; x_wconf 87' lang='lat' dir='ltr'>virginis</span> <span class='ocrx_word' id='word_1_35' title='bbox 610 2478 718 2554; x_wconf 89' lang='lat' dir='ltr'>super</span> <span class='ocrx_word' id='word_1_36' title='bbox 746 2455 1010 2554; x_wconf 86' lang='lat' dir='ltr'>registracione</span> <span class='ocrx_word' id='word_1_37' title='bbox 1039 2455 1222 2530; x_wconf 88' lang='lat' dir='ltr'>literarum</span> <span class='ocrx_word' id='word_1_38' title='bbox 1259 2454 1528 2553; x_wconf 87' lang='lat' dir='ltr'>privilegialium</span> <span class='ocrx_word' id='word_1_39' title='bbox 1558 2455 1681 2529; x_wconf 88' lang='lat' dir='ltr'>civium</span> 
     </span>
    </p>

    <p class='ocr_par' dir='ltr' id='par_1_7' title="bbox 422 2577 1682 2802">
     <span class='ocr_line' id='line_1_7' title="bbox 422 2577 1682 2678; baseline -0.002 -24"><span class='ocrx_word' id='word_1_40' title='bbox 422 2586 461 2654; x_wconf 86' lang='lat' dir='ltr'>et</span> <span class='ocrx_word' id='word_1_41' title='bbox 488 2579 765 2654; x_wconf 83' lang='lat' dir='ltr'>inhabitatorum</span> <span class='ocrx_word' id='word_1_42' title='bbox 800 2581 955 2654; x_wconf 87' lang='lat' dir='ltr'>civitatis</span> <span class='ocrx_word' id='word_1_43' title='bbox 984 2586 1187 2678; x_wconf 87' lang='lat' dir='ltr'>prenotate,</span> <span class='ocrx_word' id='word_1_44' title='bbox 1221 2578 1328 2654; x_wconf 93' lang='lat' dir='ltr'>modo</span> <span class='ocrx_word' id='word_1_45' title='bbox 1358 2588 1396 2653; x_wconf 89' lang='lat' dir='ltr'>et</span> <span class='ocrx_word' id='word_1_46' title='bbox 1426 2577 1549 2653; x_wconf 87' lang='lat' dir='ltr'>ordine</span> <span class='ocrx_word' id='word_1_47' title='bbox 1578 2577 1682 2652; x_wconf 90' lang='lat' dir='ltr'>infra·</span> 
     </span>
     <span class='ocr_line' id='line_1_8' title="bbox 974 2703 1131 2802; baseline -0.006 -23"><span class='ocrx_word' id='word_1_48' title='bbox 974 2703 1131 2802; x_wconf 78' lang='lat' dir='ltr'>scriptis.</span> 
     </span>
    </p>
   </div>
   <div class='ocr_carea' id='block_1_3' title="bbox 422 2899 1686 5123">
    <p class='ocr_par' dir='ltr' id='par_1_8' title="bbox 933 2899 1181 2978">
     <span class='ocr_line' id='line_1_9' title="bbox 933 2899 1181 2978; baseline 0.012 -20"><span class='ocrx_word' id='word_1_49' title='bbox 933 2911 993 2978; x_wconf 80' lang='lat'>(31.</span> <span class='ocrx_word' id='word_1_50' title='bbox 1008 2899 1181 2976; x_wconf 76' lang='lat' dir='ltr'>januan&#39;i).</span> 
     </span>
    </p>

    <p class='ocr_par' dir='ltr' id='par_1_9' title="bbox 422 3020 1686 4593">
     <span class='ocr_line' id='line_1_10' title="bbox 529 3020 1684 3103; baseline -0.001 -21"><span class='ocrx_word' id='word_1_51' title='bbox 529 3022 605 3084; x_wconf 93' lang='lat' dir='ltr'>ltem</span> <span class='ocrx_word' id='word_1_52' title='bbox 631 3022 718 3102; x_wconf 94' lang='lat' dir='ltr'>quod</span> <span class='ocrx_word' id='word_1_53' title='bbox 737 3021 812 3103; x_wconf 90' lang='lat' dir='ltr'>quia</span> <span class='ocrx_word' id='word_1_54' title='bbox 829 3021 975 3083; x_wconf 90' lang='lat' dir='ltr'>vendidit</span> <span class='ocrx_word' id='word_1_55' title='bbox 992 3022 1145 3102; x_wconf 89' lang='lat' dir='ltr'>providus</span> <span class='ocrx_word' id='word_1_56' title='bbox 1163 3021 1210 3082; x_wconf 89' lang='lat' dir='ltr'>vir</span> <span class='ocrx_word' id='word_1_57' title='bbox 1228 3021 1346 3083; x_wconf 88' lang='lat' dir='ltr'>Paulus</span> <span class='ocrx_word' id='word_1_58' title='bbox 1363 3020 1503 3082; x_wconf 81' lang='lat' dir='ltr'>carnifex</span> <span class='ocrx_word' id='word_1_59' title='bbox 1521 3020 1684 3101; x_wconf 83' lang='lat' dir='ltr'>Jagatbicz</span> 
     </span>
     <span class='ocr_line' id='line_1_11' title="bbox 423 3129 1684 3211; baseline -0.002 -21"><span class='ocrx_word' id='word_1_60' title='bbox 423 3131 527 3191; x_wconf 90' lang='lat' dir='ltr'>dictus</span> <span class='ocrx_word' id='word_1_61' title='bbox 551 3129 706 3210; x_wconf 89' lang='lat' dir='ltr'>quasdam</span> <span class='ocrx_word' id='word_1_62' title='bbox 731 3149 804 3190; x_wconf 86' lang='lat' dir='ltr'>suas</span> <span class='ocrx_word' id='word_1_63' title='bbox 827 3143 926 3191; x_wconf 89' lang='lat' dir='ltr'>terras</span> <span class='ocrx_word' id='word_1_64' title='bbox 957 3129 1093 3190; x_wconf 89' lang='lat' dir='ltr'>arabiles</span> <span class='ocrx_word' id='word_1_65' title='bbox 1125 3129 1157 3189; x_wconf 89' lang='lat' dir='ltr'>in</span> <span class='ocrx_word' id='word_1_66' title='bbox 1191 3149 1305 3211; x_wconf 89' lang='lat' dir='ltr'>campo</span> <span class='ocrx_word' id='word_1_67' title='bbox 1329 3143 1360 3191; x_wconf 91' lang='lat' dir='ltr'>et</span> <span class='ocrx_word' id='word_1_68' title='bbox 1390 3129 1550 3192; x_wconf 91' lang='lat' dir='ltr'>territorio</span> <span class='ocrx_word' id='word_1_69' title='bbox 1575 3143 1684 3190; x_wconf 88' lang='lat' dir='ltr'>nostro</span> 
     </span>
     <span class='ocr_line' id='line_1_12' title="bbox 422 3234 1684 3318; baseline -0.003 -20"><span class='ocrx_word' id='word_1_70' title='bbox 422 3255 520 3318; x_wconf 86' lang='lat' dir='ltr'>penes</span> <span class='ocrx_word' id='word_1_71' title='bbox 544 3249 643 3299; x_wconf 89' lang='lat' dir='ltr'>terras</span> <span class='ocrx_word' id='word_1_72' title='bbox 667 3236 804 3297; x_wconf 87' lang='lat' dir='ltr'>arabiles</span> <span class='ocrx_word' id='word_1_73' title='bbox 837 3237 979 3297; x_wconf 91' lang='lat' dir='ltr'>virorum</span> <span class='ocrx_word' id='word_1_74' title='bbox 1013 3235 1222 3317; x_wconf 89' lang='lat' dir='ltr'>providorum</span> <span class='ocrx_word' id='word_1_75' title='bbox 1256 3249 1287 3296; x_wconf 94' lang='lat' dir='ltr'>et</span> <span class='ocrx_word' id='word_1_76' title='bbox 1317 3235 1525 3297; x_wconf 89' lang='lat' dir='ltr'>bonestorum</span> <span class='ocrx_word' id='word_1_77' title='bbox 1550 3234 1684 3296; x_wconf 85' lang='lat' dir='ltr'>Akacbii</span> 
     </span>
     <span class='ocr_line' id='line_1_13' title="bbox 422 3341 1681 3424; baseline -0.001 -21"><span class='ocrx_word' id='word_1_78' title='bbox 422 3342 557 3404; x_wconf 91' lang='lat' dir='ltr'>senioris</span> <span class='ocrx_word' id='word_1_79' title='bbox 580 3342 673 3422; x_wconf 89' lang='lat' dir='ltr'>jurati</span> <span class='ocrx_word' id='word_1_80' title='bbox 698 3356 729 3403; x_wconf 94' lang='lat' dir='ltr'>et</span> <span class='ocrx_word' id='word_1_81' title='bbox 752 3342 893 3403; x_wconf 88' lang='lat' dir='ltr'>concivis</span> <span class='ocrx_word' id='word_1_82' title='bbox 915 3343 1025 3420; x_wconf 87' lang='lat' dir='ltr'>nostri,</span> <span class='ocrx_word' id='word_1_83' title='bbox 1049 3342 1323 3424; x_wconf 87' lang='lat' dir='ltr'>aseptemtrione‚</span> <span class='ocrx_word' id='word_1_84' title='bbox 1348 3343 1387 3404; x_wconf 86' lang='lat' dir='ltr'>ab</span> <span class='ocrx_word' id='word_1_85' title='bbox 1412 3341 1579 3403; x_wconf 90' lang='lat' dir='ltr'>occidente</span> <span class='ocrx_word' id='word_1_86' title='bbox 1605 3360 1681 3402; x_wconf 92' lang='lat' dir='ltr'>vero</span> 
     </span>
     <span class='ocr_line' id='line_1_14' title="bbox 423 3447 1683 3530; baseline -0.001 -21"><span class='ocrx_word' id='word_1_87' title='bbox 423 3449 543 3510; x_wconf 89' lang='lat' dir='ltr'>Mathie</span> <span class='ocrx_word' id='word_1_88' title='bbox 568 3447 735 3527; x_wconf 88' lang='lat' dir='ltr'>carnificis,</span> <span class='ocrx_word' id='word_1_89' title='bbox 759 3449 837 3509; x_wconf 90' lang='lat' dir='ltr'>olim</span> <span class='ocrx_word' id='word_1_90' title='bbox 862 3449 956 3530; x_wconf 88' lang='lat' dir='ltr'>jurati</span> <span class='ocrx_word' id='word_1_91' title='bbox 985 3462 1015 3510; x_wconf 92' lang='lat' dir='ltr'>et</span> <span class='ocrx_word' id='word_1_92' title='bbox 1047 3449 1188 3510; x_wconf 88' lang='lat' dir='ltr'>concivis</span> <span class='ocrx_word' id='word_1_93' title='bbox 1220 3450 1332 3528; x_wconf 86' lang='lat' dir='ltr'>nostri,</span> <span class='ocrx_word' id='word_1_94' title='bbox 1364 3450 1403 3509; x_wconf 88' lang='lat' dir='ltr'>ab</span> <span class='ocrx_word' id='word_1_95' title='bbox 1428 3449 1551 3509; x_wconf 88' lang='lat' dir='ltr'>oriente</span> <span class='ocrx_word' id='word_1_96' title='bbox 1576 3461 1683 3509; x_wconf 89' lang='lat' dir='ltr'>autern</span> 
     </span>
     <span class='ocr_line' id='line_1_15' title="bbox 422 3554 1685 3636; baseline -0.001 -21"><span class='ocrx_word' id='word_1_97' title='bbox 422 3574 511 3616; x_wconf 91' lang='lat' dir='ltr'>secus</span> <span class='ocrx_word' id='word_1_98' title='bbox 542 3554 629 3615; x_wconf 90' lang='lat' dir='ltr'>viam</span> <span class='ocrx_word' id='word_1_99' title='bbox 660 3573 878 3634; x_wconf 89' lang='lat' dir='ltr'>communem,</span> <span class='ocrx_word' id='word_1_100' title='bbox 910 3575 946 3616; x_wconf 91' lang='lat' dir='ltr'>ac</span> <span class='ocrx_word' id='word_1_101' title='bbox 977 3575 994 3616; x_wconf 91' lang='lat' dir='ltr'>a</span> <span class='ocrx_word' id='word_1_102' title='bbox 1029 3556 1208 3617; x_wconf 89' lang='lat' dir='ltr'>meridione</span> <span class='ocrx_word' id='word_1_103' title='bbox 1241 3575 1339 3636; x_wconf 91' lang='lat' dir='ltr'>penes</span> <span class='ocrx_word' id='word_1_104' title='bbox 1371 3555 1504 3616; x_wconf 91' lang='lat' dir='ltr'>fluvium</span> <span class='ocrx_word' id='word_1_105' title='bbox 1531 3555 1685 3636; x_wconf 88' lang='lat' dir='ltr'>Zawycza</span> 
     </span>
     <span class='ocr_line' id='line_1_16' title="bbox 422 3661 1683 3742; baseline 0.001 -21"><span class='ocrx_word' id='word_1_106' title='bbox 422 3661 596 3741; x_wconf 85' lang='lat' dir='ltr'>vulgariter</span> <span class='ocrx_word' id='word_1_107' title='bbox 620 3661 828 3742; x_wconf 87' lang='lat' dir='ltr'>appellatum,</span> <span class='ocrx_word' id='word_1_108' title='bbox 852 3675 915 3722; x_wconf 87' lang='lat' dir='ltr'>tres</span> <span class='ocrx_word' id='word_1_109' title='bbox 938 3662 989 3722; x_wconf 91' lang='lat' dir='ltr'>vel</span> <span class='ocrx_word' id='word_1_110' title='bbox 1015 3661 1091 3722; x_wconf 87' lang='lat' dir='ltr'>citra</span> <span class='ocrx_word' id='word_1_111' title='bbox 1116 3676 1151 3722; x_wconf 91' lang='lat' dir='ltr'>ut</span> <span class='ocrx_word' id='word_1_112' title='bbox 1184 3662 1300 3722; x_wconf 88' lang='lat' dir='ltr'>dicitur</span> <span class='ocrx_word' id='word_1_113' title='bbox 1324 3662 1425 3722; x_wconf 91' lang='lat' dir='ltr'>dietas</span> <span class='ocrx_word' id='word_1_114' title='bbox 1449 3675 1550 3737; x_wconf 88' lang='lat' dir='ltr'>terre;</span> <span class='ocrx_word' id='word_1_115' title='bbox 1576 3681 1611 3722; x_wconf 91' lang='lat' dir='ltr'>ac</span> <span class='ocrx_word' id='word_1_116' title='bbox 1636 3662 1683 3722; x_wconf 90' lang='lat' dir='ltr'>in·</span> 
     </span>
     <span class='ocr_line' id='line_1_17' title="bbox 422 3766 1683 3851; baseline 0.001 -24"><span class='ocrx_word' id='word_1_117' title='bbox 422 3785 517 3848; x_wconf 90' lang='lat' dir='ltr'>super</span> <span class='ocrx_word' id='word_1_118' title='bbox 540 3767 625 3827; x_wconf 89' lang='lat' dir='ltr'>idem</span> <span class='ocrx_word' id='word_1_119' title='bbox 651 3767 768 3827; x_wconf 90' lang='lat' dir='ltr'>Paulus</span> <span class='ocrx_word' id='word_1_120' title='bbox 785 3766 924 3828; x_wconf 84' lang='lat' dir='ltr'>carnifex</span> <span class='ocrx_word' id='word_1_121' title='bbox 943 3767 1113 3851; x_wconf 81' lang='lat' dir='ltr'>lagathycz</span> <span class='ocrx_word' id='word_1_122' title='bbox 1138 3768 1241 3829; x_wconf 92' lang='lat' dir='ltr'>dictus</span> <span class='ocrx_word' id='word_1_123' title='bbox 1258 3769 1420 3849; x_wconf 89' lang='lat' dir='ltr'>quandam</span> <span class='ocrx_word' id='word_1_124' title='bbox 1445 3769 1541 3829; x_wconf 87' lang='lat' dir='ltr'>aliam</span> <span class='ocrx_word' id='word_1_125' title='bbox 1566 3781 1683 3830; x_wconf 90' lang='lat' dir='ltr'>terram</span> 
     </span>
     <span class='ocr_line' id='line_1_18' title="bbox 422 3873 1684 3957; baseline 0 -22"><span class='ocrx_word' id='word_1_126' title='bbox 422 3893 512 3936; x_wconf 91' lang='lat' dir='ltr'>suam</span> <span class='ocrx_word' id='word_1_127' title='bbox 537 3873 691 3935; x_wconf 83' lang='lat' dir='ltr'>arabilem</span> <span class='ocrx_word' id='word_1_128' title='bbox 716 3893 814 3956; x_wconf 90' lang='lat' dir='ltr'>penes</span> <span class='ocrx_word' id='word_1_129' title='bbox 830 3888 930 3936; x_wconf 88' lang='lat' dir='ltr'>terras</span> <span class='ocrx_word' id='word_1_130' title='bbox 954 3874 1079 3956; x_wconf 91' lang='lat' dir='ltr'>providi</span> <span class='ocrx_word' id='word_1_131' title='bbox 1099 3874 1222 3954; x_wconf 86' lang='lat' dir='ltr'>Akacii‚</span> <span class='ocrx_word' id='word_1_132' title='bbox 1247 3895 1264 3935; x_wconf 90' lang='lat' dir='ltr'>a</span> <span class='ocrx_word' id='word_1_133' title='bbox 1284 3875 1525 3957; x_wconf 89' lang='lat' dir='ltr'>septemtrione,</span> <span class='ocrx_word' id='word_1_134' title='bbox 1551 3888 1582 3937; x_wconf 88' lang='lat' dir='ltr'>et</span> <span class='ocrx_word' id='word_1_135' title='bbox 1597 3875 1684 3936; x_wconf 88' lang='lat' dir='ltr'>simi-</span> 
     </span>
     <span class='ocr_line' id='line_1_19' title="bbox 423 3979 1685 4064; baseline 0.002 -24"><span class='ocrx_word' id='word_1_136' title='bbox 423 3981 494 4042; x_wconf 86' lang='lat' dir='ltr'>liter</span> <span class='ocrx_word' id='word_1_137' title='bbox 519 3981 578 4042; x_wconf 88' lang='lat' dir='ltr'>viri</span> <span class='ocrx_word' id='word_1_138' title='bbox 611 3980 735 4062; x_wconf 91' lang='lat' dir='ltr'>providi</span> <span class='ocrx_word' id='word_1_139' title='bbox 770 3981 861 4041; x_wconf 91' lang='lat' dir='ltr'>Pauli</span> <span class='ocrx_word' id='word_1_140' title='bbox 891 3981 1025 4062; x_wconf 87' lang='lat' dir='ltr'>predicti</span> <span class='ocrx_word' id='word_1_141' title='bbox 1062 3979 1229 4059; x_wconf 87' lang='lat' dir='ltr'>carnificis,</span> <span class='ocrx_word' id='word_1_142' title='bbox 1267 4002 1283 4042; x_wconf 90' lang='lat' dir='ltr'>a</span> <span class='ocrx_word' id='word_1_143' title='bbox 1316 3995 1404 4064; x_wconf 87' lang='lat' dir='ltr'>parte</span> <span class='ocrx_word' id='word_1_144' title='bbox 1437 3983 1476 4043; x_wconf 86' lang='lat' dir='ltr'>ab</span> <span class='ocrx_word' id='word_1_145' title='bbox 1502 3981 1624 4043; x_wconf 88' lang='lat' dir='ltr'>oriente</span> <span class='ocrx_word' id='word_1_146' title='bbox 1649 4001 1685 4043; x_wconf 89' lang='lat' dir='ltr'>ac</span> 
     </span>
     <span class='ocr_line' id='line_1_20' title="bbox 423 4085 1684 4170; baseline 0.001 -23"><span class='ocrx_word' id='word_1_147' title='bbox 423 4087 505 4147; x_wconf 87' lang='lat' dir='ltr'>inter</span> <span class='ocrx_word' id='word_1_148' title='bbox 529 4085 663 4148; x_wconf 89' lang='lat' dir='ltr'>fluvium</span> <span class='ocrx_word' id='word_1_149' title='bbox 687 4087 840 4170; x_wconf 88' lang='lat' dir='ltr'>Zawycza</span> <span class='ocrx_word' id='word_1_150' title='bbox 865 4099 1026 4164; x_wconf 89' lang='lat' dir='ltr'>vocatum,</span> <span class='ocrx_word' id='word_1_151' title='bbox 1051 4107 1068 4147; x_wconf 92' lang='lat' dir='ltr'>a</span> <span class='ocrx_word' id='word_1_152' title='bbox 1096 4087 1286 4165; x_wconf 90' lang='lat' dir='ltr'>meridione,</span> <span class='ocrx_word' id='word_1_153' title='bbox 1319 4100 1350 4148; x_wconf 90' lang='lat' dir='ltr'>et</span> <span class='ocrx_word' id='word_1_154' title='bbox 1373 4107 1464 4148; x_wconf 88' lang='lat' dir='ltr'>secus</span> <span class='ocrx_word' id='word_1_155' title='bbox 1488 4087 1572 4148; x_wconf 88' lang='lat' dir='ltr'>viam</span> <span class='ocrx_word' id='word_1_156' title='bbox 1598 4106 1684 4148; x_wconf 89' lang='lat' dir='ltr'>cotn-</span> 
     </span>
     <span class='ocr_line' id='line_1_21' title="bbox 423 4193 1686 4270; baseline 0 -16"><span class='ocrx_word' id='word_1_157' title='bbox 423 4213 554 4254; x_wconf 90' lang='lat' dir='ltr'>munem</span> <span class='ocrx_word' id='word_1_158' title='bbox 580 4195 619 4254; x_wconf 93' lang='lat' dir='ltr'>ab</span> <span class='ocrx_word' id='word_1_159' title='bbox 648 4194 815 4255; x_wconf 89' lang='lat' dir='ltr'>occidente</span> <span class='ocrx_word' id='word_1_160' title='bbox 848 4193 988 4254; x_wconf 89' lang='lat' dir='ltr'>habitam</span> <span class='ocrx_word' id='word_1_161' title='bbox 1022 4207 1052 4253; x_wconf 93' lang='lat' dir='ltr'>et</span> <span class='ocrx_word' id='word_1_162' title='bbox 1084 4194 1283 4270; x_wconf 86' lang='lat' dir='ltr'>existentem,</span> <span class='ocrx_word' id='word_1_163' title='bbox 1314 4207 1376 4256; x_wconf 88' lang='lat' dir='ltr'>tres</span> <span class='ocrx_word' id='word_1_164' title='bbox 1400 4195 1451 4255; x_wconf 88' lang='lat' dir='ltr'>vel</span> <span class='ocrx_word' id='word_1_165' title='bbox 1484 4194 1560 4256; x_wconf 89' lang='lat' dir='ltr'>citra</span> <span class='ocrx_word' id='word_1_166' title='bbox 1585 4193 1686 4255; x_wconf 85' lang='lat' dir='ltr'>dietas</span> 
     </span>
     <span class='ocr_line' id='line_1_22' title="bbox 422 4298 1684 4382; baseline 0 -21"><span class='ocrx_word' id='word_1_167' title='bbox 422 4313 515 4378; x_wconf 88' lang='lat' dir='ltr'>terre,</span> <span class='ocrx_word' id='word_1_168' title='bbox 540 4319 619 4381; x_wconf 87' lang='lat' dir='ltr'>quas</span> <span class='ocrx_word' id='word_1_169' title='bbox 643 4300 788 4361; x_wconf 93' lang='lat' dir='ltr'>vendidit</span> <span class='ocrx_word' id='word_1_170' title='bbox 813 4300 985 4360; x_wconf 89' lang='lat' dir='ltr'>Valentino</span> <span class='ocrx_word' id='word_1_171' title='bbox 1011 4298 1163 4361; x_wconf 85' lang='lat' dir='ltr'>frenatori</span> <span class='ocrx_word' id='word_1_172' title='bbox 1189 4299 1347 4361; x_wconf 90' lang='lat' dir='ltr'>moderno</span> <span class='ocrx_word' id='word_1_173' title='bbox 1370 4300 1474 4382; x_wconf 90' lang='lat' dir='ltr'>jurato</span> <span class='ocrx_word' id='word_1_174' title='bbox 1499 4313 1609 4362; x_wconf 89' lang='lat' dir='ltr'>nostro</span> <span class='ocrx_word' id='word_1_175' title='bbox 1626 4319 1684 4382; x_wconf 91' lang='lat' dir='ltr'>pro</span> 
     </span>
     <span class='ocr_line' id='line_1_23' title="bbox 424 4405 1685 4488; baseline 0 -21"><span class='ocrx_word' id='word_1_176' title='bbox 424 4419 562 4488; x_wconf 90' lang='lat' dir='ltr'>quatuor</span> <span class='ocrx_word' id='word_1_177' title='bbox 585 4405 654 4467; x_wconf 85' lang='lat' dir='ltr'>flor.</span> <span class='ocrx_word' id='word_1_178' title='bbox 680 4407 766 4482; x_wconf 83' lang='lat' dir='ltr'>auri3</span> <span class='ocrx_word' id='word_1_179' title='bbox 792 4406 842 4467; x_wconf 92' lang='lat' dir='ltr'>cui</span> <span class='ocrx_word' id='word_1_180' title='bbox 867 4405 940 4466; x_wconf 87' lang='lat' dir='ltr'>data</span> <span class='ocrx_word' id='word_1_181' title='bbox 965 4419 1011 4466; x_wconf 90' lang='lat' dir='ltr'>est</span> <span class='ocrx_word' id='word_1_182' title='bbox 1035 4405 1126 4467; x_wconf 88' lang='lat' dir='ltr'>litera</span> <span class='ocrx_word' id='word_1_183' title='bbox 1159 4406 1369 4488; x_wconf 81' lang='lat' dir='ltr'>privilegialis</span> <span class='ocrx_word' id='word_1_184' title='bbox 1392 4426 1489 4488; x_wconf 88' lang='lat' dir='ltr'>super</span> <span class='ocrx_word' id='word_1_185' title='bbox 1512 4407 1685 4488; x_wconf 86' lang='lat' dir='ltr'>premissis,</span> 
     </span>
     <span class='ocr_line' id='line_1_24' title="bbox 423 4511 816 4593; baseline 0.003 -20"><span class='ocrx_word' id='word_1_186' title='bbox 423 4525 579 4593; x_wconf 88' lang='lat' dir='ltr'>perpetuo</span> <span class='ocrx_word' id='word_1_187' title='bbox 602 4511 816 4593; x_wconf 92' lang='lat' dir='ltr'>possidendis.</span> 
     </span>
    </p>

    <p class='ocr_par' dir='ltr' id='par_1_10' title="bbox 422 4617 1686 5123">
     <span class='ocr_line' id='line_1_25' title="bbox 528 4617 1685 4700; baseline 0.001 -22"><span class='ocrx_word' id='word_1_188' title='bbox 528 4617 607 4679; x_wconf 89' lang='lat' dir='ltr'>ltem</span> <span class='ocrx_word' id='word_1_189' title='bbox 632 4618 720 4698; x_wconf 90' lang='lat' dir='ltr'>quod</span> <span class='ocrx_word' id='word_1_190' title='bbox 746 4617 820 4698; x_wconf 86' lang='lat' dir='ltr'>quia</span> <span class='ocrx_word' id='word_1_191' title='bbox 851 4618 1035 4700; x_wconf 86' lang='lat' dir='ltr'>propinavit</span> <span class='ocrx_word' id='word_1_192' title='bbox 1066 4619 1200 4700; x_wconf 88' lang='lat' dir='ltr'>provida</span> <span class='ocrx_word' id='word_1_193' title='bbox 1233 4631 1264 4680; x_wconf 86' lang='lat' dir='ltr'>et</span> <span class='ocrx_word' id='word_1_194' title='bbox 1294 4617 1428 4681; x_wconf 90' lang='lat' dir='ltr'>honesta</span> <span class='ocrx_word' id='word_1_195' title='bbox 1453 4619 1585 4681; x_wconf 90' lang='lat' dir='ltr'>domina</span> <span class='ocrx_word' id='word_1_196' title='bbox 1611 4620 1685 4680; x_wconf 89' lang='lat' dir='ltr'>Bar·</span> 
     </span>
     <span class='ocr_line' id='line_1_26' title="bbox 423 4723 1686 4803; baseline 0.001 -18"><span class='ocrx_word' id='word_1_197' title='bbox 423 4725 497 4785; x_wconf 90' lang='lat' dir='ltr'>bara</span> <span class='ocrx_word' id='word_1_198' title='bbox 523 4737 645 4803; x_wconf 90' lang='lat' dir='ltr'>vocata,</span> <span class='ocrx_word' id='word_1_199' title='bbox 670 4743 800 4784; x_wconf 91' lang='lat' dir='ltr'>consors</span> <span class='ocrx_word' id='word_1_200' title='bbox 817 4723 954 4785; x_wconf 87' lang='lat' dir='ltr'>condam</span> <span class='ocrx_word' id='word_1_201' title='bbox 972 4723 1138 4786; x_wconf 89' lang='lat' dir='ltr'>Benedicti</span> <span class='ocrx_word' id='word_1_202' title='bbox 1163 4723 1317 4786; x_wconf 85' lang='lat' dir='ltr'>aurifabri</span> <span class='ocrx_word' id='word_1_203' title='bbox 1335 4740 1366 4786; x_wconf 90' lang='lat' dir='ltr'>et</span> <span class='ocrx_word' id='word_1_204' title='bbox 1382 4726 1530 4788; x_wconf 91' lang='lat' dir='ltr'>similiter</span> <span class='ocrx_word' id='word_1_205' title='bbox 1554 4745 1686 4788; x_wconf 87' lang='lat' dir='ltr'>consors</span> 
     </span>
     <span class='ocr_line' id='line_1_27' title="bbox 423 4828 1685 4914; baseline 0.003 -25"><span class='ocrx_word' id='word_1_206' title='bbox 423 4828 561 4890; x_wconf 89' lang='lat' dir='ltr'>condam</span> <span class='ocrx_word' id='word_1_207' title='bbox 594 4829 722 4892; x_wconf 89' lang='lat' dir='ltr'>Thome</span> <span class='ocrx_word' id='word_1_208' title='bbox 754 4829 933 4910; x_wconf 90' lang='lat' dir='ltr'>frenatoris‚</span> <span class='ocrx_word' id='word_1_209' title='bbox 966 4831 1005 4891; x_wconf 92' lang='lat' dir='ltr'>de</span> <span class='ocrx_word' id='word_1_210' title='bbox 1038 4831 1194 4892; x_wconf 89' lang='lat' dir='ltr'>universis</span> <span class='ocrx_word' id='word_1_211' title='bbox 1225 4832 1291 4893; x_wconf 88' lang='lat' dir='ltr'>suis</span> <span class='ocrx_word' id='word_1_212' title='bbox 1322 4833 1578 4914; x_wconf 87' lang='lat' dir='ltr'>possessionibus</span> <span class='ocrx_word' id='word_1_213' title='bbox 1610 4845 1685 4914; x_wconf 92' lang='lat' dir='ltr'>puta</span> 
     </span>
     <span class='ocr_line' id='line_1_28' title="bbox 424 4934 1685 5020; baseline 0.004 -25"><span class='ocrx_word' id='word_1_214' title='bbox 424 4934 594 4998; x_wconf 87' lang='lat' dir='ltr'>domorum</span> <span class='ocrx_word' id='word_1_215' title='bbox 621 4956 657 4998; x_wconf 85' lang='lat' dir='ltr'>ac</span> <span class='ocrx_word' id='word_1_216' title='bbox 682 4936 787 4998; x_wconf 89' lang='lat' dir='ltr'>celarii</span> <span class='ocrx_word' id='word_1_217' title='bbox 813 4950 1024 5016; x_wconf 84' lang='lat' dir='ltr'>moratorum,</span> <span class='ocrx_word' id='word_1_218' title='bbox 1050 4957 1175 4999; x_wconf 87' lang='lat' dir='ltr'>necnon</span> <span class='ocrx_word' id='word_1_219' title='bbox 1204 4937 1381 5016; x_wconf 88' lang='lat' dir='ltr'>vinearum,</span> <span class='ocrx_word' id='word_1_220' title='bbox 1405 4938 1595 5020; x_wconf 74' lang='lat' dir='ltr'>(hlortorum</span> <span class='ocrx_word' id='word_1_221' title='bbox 1613 4958 1685 5000; x_wconf 88' lang='lat' dir='ltr'>cum</span> 
     </span>
     <span class='ocr_line' id='line_1_29' title="bbox 422 5040 1685 5123; baseline 0.002 -21"><span class='ocrx_word' id='word_1_222' title='bbox 422 5040 574 5123; x_wconf 73' lang='lat' dir='ltr'>(h)orr00,</span> <span class='ocrx_word' id='word_1_223' title='bbox 599 5043 762 5121; x_wconf 87' lang='lat' dir='ltr'>silvarum,</span> <span class='ocrx_word' id='word_1_224' title='bbox 798 5057 952 5104; x_wconf 84' lang='lat' dir='ltr'>terrarum</span> <span class='ocrx_word' id='word_1_225' title='bbox 978 5045 1136 5105; x_wconf 88' lang='lat' dir='ltr'>cultarum</span> <span class='ocrx_word' id='word_1_226' title='bbox 1165 5057 1195 5105; x_wconf 90' lang='lat' dir='ltr'>et</span> <span class='ocrx_word' id='word_1_227' title='bbox 1230 5044 1423 5107; x_wconf 88' lang='lat' dir='ltr'>incultarum</span> <span class='ocrx_word' id='word_1_228' title='bbox 1457 5045 1606 5107; x_wconf 89' lang='lat' dir='ltr'>videlicet</span> <span class='ocrx_word' id='word_1_229' title='bbox 1639 5044 1685 5105; x_wconf 92' lang='lat' dir='ltr'>di-</span> 
     </span>
    </p>
   </div>
   <div class='ocr_carea' id='block_1_4' title="bbox 0 0 1931 5802">
    <p class='ocr_par' dir='ltr' id='par_1_11' title="bbox 0 0 1931 5802">
     <span class='ocr_line' id='line_1_30' title="bbox 0 0 1931 5802; baseline 0 0"><span class='ocrx_word' id='word_1_230' title='bbox 0 0 1931 5802; x_wconf 95' lang='lat' dir='ltr'> </span> 
     </span>
    </p>
   </div>
  </div>
 </body>
</html>
