3810 5806
385 517 427 579 74
913 501 999 558 Anno
1022 496 1119 579 1498.

383 732 523 773 cessores
548 713 685 774 universi
721 713 922 794 temporibus
954 713 1115 795 perpetuis
1147 713 1235 774 omni
1268 731 1354 774 anno
1388 715 1480 776 nobis
1514 735 1570 776 seu
1595 737 1649 777 co·

384 820 513 880 mitibus
538 821 653 880 nostris
677 819 788 900 viginti
815 821 960 900 quinque
984 819 1107 881 solidos
1129 820 1251 900 regales
1271 819 1346 881 date
1364 832 1395 882 et
1418 821 1543 883 solvere
1561 837 1648 883 tene-

385 927 521 1001 buntur;
546 926 595 986 cui
621 925 693 986 data
720 941 766 986 est
791 927 881 986 litera
907 925 1127 1007 privilegialis.

489 1030 587 1104 Quod
610 1032 685 1112 quia
711 1051 770 1093 nos
793 1033 1008 1092 communitas
1043 1032 1162 1093 civium
1197 1032 1334 1094 civitatis
1367 1033 1648 1115 Montisgrecensis

383 1137 547 1219 quoddam
573 1135 670 1199 fenile
694 1157 788 1199 suum
814 1137 1039 1200 condicionale
1058 1139 1089 1198 in
1107 1139 1268 1200 territorio
1292 1151 1402 1201 nostro
1426 1159 1483 1202 seu
1507 1140 1645 1203 civitatis

382 1243 502 1327 prefate
529 1245 609 1306 inter
633 1258 732 1306 terras
756 1244 892 1305 arabiles
918 1245 1048 1305 Martini
1065 1246 1194 1306 sartoris
1220 1245 1347 1328 Radlyn
1365 1245 1452 1324 dicti,
1477 1248 1517 1308 ab
1541 1247 1647 1310 orien-

382 1352 437 1412 tali
463 1365 561 1433 parte,
586 1365 708 1432 aparte
734 1370 809 1412 vero
827 1351 1082 1432 septemtrionali
1101 1351 1150 1412 via
1168 1351 1362 1431 communis,
1378 1365 1410 1414 et
1434 1352 1516 1414 iuter
1533 1372 1648 1414 nemus

382 1469 489 1518 nostre
514 1457 755 1518 communitatis
778 1476 876 1538 penes
897 1455 1030 1518 fluvium
1049 1456 1288 1518 Chernomercz
1312 1471 1474 1535 vocatum,
1499 1459 1539 1519 ab
1564 1459 1647 1520 occi·

382 1561 502 1624 dentali
527 1577 627 1645 parte,
652 1583 669 1624 a
694 1577 782 1645 parte
808 1582 884 1623 vero
902 1563 1106 1624 meridionali
1125 1562 1222 1624 fenile
1246 1563 1371 1645 providi
1389 1577 1420 1626 et
1444 1564 1570 1625 honesti
1587 1564 1645 1625 viri

383 1669 503 1730 Mathie
529 1669 692 1747 institoris,
725 1670 909 1731 concivium
941 1685 1136 1748 nostrorum,
1169 1669 1315 1731 habitum
1347 1684 1378 1731 et
1402 1670 1549 1748 existens,
1575 1689 1646 1752 pro·

381 1775 458 1836 vido
484 1789 514 1836 et
539 1775 674 1837 honesto
709 1775 777 1835 viro
811 1775 930 1838 Mathie
964 1775 1101 1836 institori
1134 1795 1170 1836 ac
1194 1795 1250 1857 per
1275 1795 1348 1837 eum
1380 1776 1445 1837 suis
1477 1775 1648 1838 heredibus

383 1880 543 1960 dedimus,
580 1883 776 1943 contulimus
808 1895 838 1943 et
870 1882 1089 1963 inscripsimus
1121 1881 1189 1962 jure
1222 1897 1379 1964 perpetuo
1404 1882 1646 1964 possidendum,

382 1988 424 2048 ita
439 2002 557 2066 tamen,
582 1990 670 2069 quod
695 1990 762 2071 ipse
789 1988 924 2049 Mathias
942 1990 1076 2068 institor,
1094 1989 1209 2069 suique
1233 1989 1367 2052 heredes
1391 2003 1421 2052 et
1444 2009 1642 2051 successores

382 2095 523 2156 universi
549 2095 588 2155 de
612 2095 726 2156 eodem
760 2094 849 2156 lenili
876 2095 965 2156 omni
998 2115 1084 2156 anno
1117 2096 1210 2156 nobis
1242 2116 1299 2157 seu
1331 2095 1502 2157 comitibus
1526 2097 1640 2157 nostris

381 2201 493 2282 viginti
519 2202 662 2282 quinque
695 2201 817 2262 solidos
850 2201 924 2262 dare
957 2215 988 2261 et
1019 2201 1144 2264 solvere
1176 2204 1389 2278 tenebuntur;
1422 2203 1472 2264 cui
1497 2202 1570 2263 data
1594 2217 1640 2264 est

381 2307 471 2368 litera
496 2307 713 2389 privilegialis.

487 2433 584 2506 Quod
608 2433 682 2513 quia
707 2453 766 2493 nos
791 2433 1005 2493 communitas
1037 2431 1203 2514 quoddam
1236 2429 1332 2492 fenile
1366 2445 1510 2494 nostrum
1535 2432 1644 2494 condi·

380 2539 504 2600 cionale
530 2539 561 2600 in
585 2539 746 2600 territorio
779 2551 888 2599 nostro
920 2559 976 2599 seu
1009 2539 1146 2599 civitatis
1177 2537 1299 2620 prefate
1333 2539 1415 2601 inter
1449 2553 1566 2600 terram
1591 2539 1645 2600 de·

381 2659 496 2705 sertam
522 2660 629 2706 nostre
654 2645 905 2723 communitatis,
931 2664 948 2705 a
972 2659 1061 2727 parte
1085 2643 1246 2722 orientali,
1271 2658 1302 2705 et
1327 2645 1408 2706 iuter
1433 2643 1530 2706 fenile
1555 2645 1643 2706 simi-

381 2753 452 2813 liter
476 2767 583 2814 nostre
609 2752 860 2828 communitatis,
893 2765 1023 2834 aparte
1058 2750 1316 2828 meridionali,a
1347 2764 1437 2833 parte
1460 2771 1536 2813 vero
1561 2750 1644 2812 occi-

381 2859 501 2920 dentali
527 2859 608 2920 inter
633 2857 742 2920 senilia
776 2858 922 2920 similiter
953 2857 1190 2918 condicionalis
1223 2857 1333 2919 Jacobi
1364 2857 1498 2919 senioris
1529 2855 1643 2937 judicis

380 2986 506 3027 necnon
540 2965 673 3046 Georgii
705 2965 821 3026 sutoris
854 2978 884 3025 et
916 2963 1034 3025 Mathie
1068 2963 1232 3042 institoris,
1264 2964 1427 3026 seniorum
1452 2962 1641 3045 juratorum,

380 3073 561 3133 concivium
588 3086 781 3150 nostrorum,
800 3070 942 3132 habitum
962 3086 993 3132 et
1017 3071 1172 3147 existens,
1197 3070 1333 3152 provido
1358 3083 1388 3131 et
1413 3069 1547 3131 honesto
1572 3069 1641 3130 viro

381 3179 519 3239 Martino
543 3179 661 3239 seniori
686 3177 794 3258 judici,
820 3197 903 3238 nunc
928 3196 1004 3238 vero
1029 3177 1186 3237 moderno
1210 3173 1371 3258 plebano*
1396 3191 1505 3238 nostro
1530 3195 1566 3238 ac
1590 3173 1638 3236 iu·

379 3285 458 3344 turis
480 3285 652 3346 heredibus
676 3285 740 3345 suis
763 3284 922 3362 dedimus,
947 3283 1143 3344 contulimus
1177 3296 1207 3344 et
1232 3283 1451 3365 inscripsimus
1474 3281 1542 3362 jure
1570 3302 1640 3364 per·

380 3403 476 3470 petuo
502 3389 743 3470 possidendum,
770 3390 811 3451 ita
836 3403 955 3468 tamen,
980 3389 1069 3470 quod
1095 3389 1162 3470 ipse
1195 3403 1226 3450 et
1250 3389 1299 3450 sui
1331 3389 1524 3450 successoris
1549 3389 1642 3450 nobis

379 3515 435 3556 seu
460 3497 631 3558 comitibus
663 3497 778 3558 nostris
811 3497 899 3557 omni
932 3516 1017 3557 anno
1049 3495 1161 3576 viginti
1187 3496 1332 3577 quinque
1366 3495 1488 3556 solidos
1521 3495 1643 3574 regales

379 3603 453 3664 dare
479 3619 509 3664 et
532 3605 656 3665 solvere
681 3606 893 3680 tenebuntur;
918 3603 969 3664 cui
1002 3602 1075 3665 data
1101 3617 1147 3663 est
1171 3602 1262 3663 litera
1288 3601 1508 3684 privilegialis.

486 3729 583 3802 Quod
609 3729 684 3809 quis
710 3748 768 3790 nos
792 3729 1006 3790 communitas
1028 3729 1164 3790 civitatis
1189 3728 1455 3810 Montigrecensis
1479 3729 1641 3810 quandam

379 3835 506 3896 vineam
532 3835 789 3896 condicionalem
815 3835 955 3897 totaliter
977 3835 1146 3914 desertam,
1172 3854 1235 3916 que
1253 3835 1391 3896 condam
1417 3835 1572 3897 Anthonii
1589 3855 1641 3896 su-

377 3942 455 4002 toris
480 3941 577 4022 Segin
603 3941 678 4002 dicti
704 3941 875 4022 prefuerat,
901 3943 933 4002 in
958 3943 1119 4003 territorio
1144 3956 1254 4002 nostro
1279 3961 1336 4003 seu
1361 3939 1498 4003 civitatis
1522 3940 1641 4023 prefate

378 4048 459 4108 inter
484 4048 610 4108 vineam
635 4048 894 4108 condicionalem
912 4049 1060 4110 similiter
1077 4048 1234 4110 desertam
1254 4047 1380 4130 providi
1398 4049 1458 4109 viri
1477 4047 1641 4110 Michaelis

378 4154 656 4232 molendinatoris,
681 4155 720 4214 ab
756 4174 829 4231 una,
862 4153 1014 4217 videlicet
1045 4175 1061 4215 a
1093 4154 1348 4236 septemtrionali
1382 4168 1482 4236 parte,
1507 4168 1537 4216 et
1561 4155 1641 4216 inter

378 4260 503 4320 vineam
530 4257 676 4321 similiter
700 4261 959 4322 condicionalem
990 4261 1116 4342 providi
1134 4262 1193 4322 viri
1220 4261 1386 4324 Michaelis
1410 4262 1526 4323 sutoris
1544 4262 1639 4342 Segin

378 4366 465 4443 dicti,
491 4367 529 4427 ab
555 4367 652 4426 altera
677 4366 827 4426 videlicet
855 4387 872 4427 a
906 4368 1109 4428 meridionali
1144 4383 1242 4449 parte,
1275 4367 1412 4449 desuper
1436 4387 1453 4428 a
1477 4368 1527 4429 via
1553 4386 1638 4428 com-

378 4473 480 4550 muni,
515 4473 554 4533 ab
591 4473 767 4551 occidente,
793 4487 823 4534 et
856 4473 936 4534 infra
973 4494 1073 4555 usque
1106 4475 1202 4535 aliam
1236 4474 1320 4535 viam
1353 4493 1559 4536 communem
1599 4474 1639 4534 ab

376 4579 500 4641 oriente
525 4578 665 4640 habitam
692 4591 723 4640 et
747 4579 952 4656 existentem
977 4580 1201 4661 cuiusquidem
1228 4581 1433 4642 medietatem
1459 4581 1551 4643 vinee
1580 4579 1635 4641 de-

377 4699 458 4746 serte
485 4685 718 4747 condicionalis
740 4686 875 4746 liberam
904 4687 1110 4748 vendidimus
1134 4686 1219 4768 juxta
1252 4687 1495 4748 estimacionetn
1519 4687 1636 4768 probo·

378 4812 447 4853 rum
474 4793 616 4853 virorum
641 4813 699 4874 pro
724 4813 789 4854 uno
814 4793 895 4872 flor,
920 4794 1016 4855 sliam
1042 4814 1117 4856 vero
1143 4794 1348 4855 medietatem
1375 4793 1640 4855 condicionaliter

484 5001 496 5030 *
516 4999 553 5054 ln
572 5002 713 5071 nrcrrpine:
732 5000 778 5055 hic
798 5018 856 5055 non
877 5008 922 5056 est
940 5001 1120 5074 ignoranda,
1139 5001 1192 5057 sed
1210 5001 1359 5057 memoria.
