3804 5798
797 537 982 597 lavendario.
1466 559 1524 620 ⁴7¹

266 747 474 810 decretalium
499 747 641 830 magistri
669 747 833 827 Bernardi,
858 763 888 810 et
912 747 981 811 finit
1013 749 1044 810 in
1070 747 1132 812 fine
1155 750 1229 812 libri
1257 750 1408 816 »licitum
1436 751 1476 814 sit
1500 752 1529 814 ei

267 867 410 938 postea«.

372 979 461 1058 Item,
479 980 612 1042 Summa
635 979 868 1060 confessorum,
893 979 933 1043 de
949 981 1061 1063 pulcra
1074 981 1177 1043 littera
1196 1001 1259 1063 que
1274 982 1386 1065 incipit
1414 983 1531 1061 »Nota,

268 1086 356 1168 quod
390 1087 490 1149 lector
527 1087 583 1148 iste
610 1086 803 1166 lohannes«,
828 1101 860 1149 et
881 1089 913 1148 in
937 1086 1001 1150 fine
1025 1087 1128 1170 prime
1152 1087 1268 1170 pagine
1299 1087 1432 1150 secundi
1459 1087 1529 1150 lolii

268 1190 338 1254 finit
365 1192 550 1254 »accusatio
574 1193 783 1273 matrimonii,
815 1193 926 1255 titulus
957 1193 1064 1272 XIII«,
1089 1193 1209 1255 habens
1241 1194 1274 1255 in
1299 1192 1360 1255 fine
1385 1194 1529 1255 tabulam

266 1319 322 1382 per
345 1297 554 1382 alphabetum
579 1319 675 1382 super
691 1300 803 1362 eadem
821 1319 958 1379 summa,
975 1318 1038 1380 que
1062 1297 1165 1362 finivit
1192 1313 1242 1362 »et
1267 1299 1299 1361 in
1324 1299 1434 1362 multis
1458 1300 1530 1362 aliis

267 1404 378 1467 locis«.

372 1529 462 1609 Item,
486 1530 549 1591 alia
574 1530 706 1592 Summa
736 1528 966 1610 consessorum,
991 1529 1095 1612 legata
1112 1530 1249 1592 condam
1273 1549 1330 1612 per
1354 1530 1524 1592 domiuum

267 1636 453 1720 episcopum
479 1636 661 1699 lohannem
687 1636 820 1699 ecclesie
848 1636 1058 1718 zagrabiensi,
1086 1636 1198 1718 incipit
1221 1656 1294 1698 curn
1320 1636 1412 1718 nigro
1437 1649 1524 1715 nota,

273 1743 380 1825 »quod
397 1742 498 1805 lector
515 1743 606 1822 iste«,
631 1757 662 1806 et
675 1741 744 1805 finit
760 1763 833 1805 cum
855 1744 979 1806 rubrica
1001 1742 1159 1826 »Explicit
1175 1743 1283 1805 tabula
1307 1763 1433 1804 summe
1451 1763 1525 1804 con-

269 1849 459 1912 fessorum«.

372 1974 460 2054 Item,
485 1975 624 2056 quedam
649 1976 738 2056 glose
763 1994 858 2058 super
883 1995 1009 2037 summa
1026 1974 1201 2037 Reimundi
1227 1987 1257 2037 et
1281 1974 1393 2056 incipit
1421 1973 1522 2037 »infra

268 2081 308 2142 de
321 2081 511 2163 penitencia,
537 2081 576 2143 de
601 2081 737 2164 prima«,
757 2095 787 2142 et
811 2081 842 2142 in
860 2079 923 2142 fine
946 2081 1019 2144 libri
1036 2078 1106 2142 finit
1126 2081 1170 2142 »si
1195 2081 1361 2144 voluntate
1386 2081 1529 2143 mulieris

268 2185 348 2249 lacte
369 2199 474 2250 sunt«.

371 2310 462 2391 Item,
487 2311 550 2373 alia
575 2311 714 2393 quedam
733 2331 858 2374 summa
882 2312 914 2374 in
932 2311 1001 2394 jure
1018 2311 1174 2374 canonico
1199 2311 1239 2374 de
1264 2311 1354 2374 litera
1379 2312 1522 2394 antiqua,

265 2437 360 2500 super
383 2417 523 2480 secunda
547 2431 634 2500 parte
663 2417 885 2497 decretalium,
917 2431 947 2480 et
970 2417 1082 2500 incipit
1117 2417 1308 2500 »Intelligite
1333 2418 1523 2501 insipientes

266 2524 297 2586 in
323 2524 443 2604 cleros,
468 2538 499 2588 et
523 2525 555 2586 in
580 2523 643 2587 fine
667 2525 769 2609 prime
794 2525 910 2607 pagine
934 2524 1067 2586 secundi
1091 2523 1162 2586 folii
1187 2523 1256 2587 finit
1283 2524 1423 2587 »oriatur
1439 2544 1528 2587 scan-

268 2629 412 2710 dalum«,
437 2643 468 2694 et
492 2631 524 2694 in
548 2628 612 2693 fine
636 2631 710 2693 libri
727 2630 799 2694 finit
818 2650 893 2714 »per
914 2629 1038 2693 infinita
1055 2631 1162 2694 secula
1179 2631 1372 2696 seculorum.
1391 2636 1529 2694 Amen«.

372 2772 464 2852 Item,
489 2773 629 2856 quedam
654 2774 764 2836 tabula
789 2773 993 2837 decretorum
1017 2789 1048 2836 et
1064 2772 1178 2857 incipit
1201 2775 1234 2836 in
1260 2775 1385 2838 rubrica
1412 2775 1530 2837 »abbas

269 2880 425 2960 abbatis«,
451 2894 481 2942 et
506 2881 538 2942 in
563 2879 625 2943 fine
659 2894 705 2942 est
736 2880 876 2963 quedam
912 2879 1022 2943 tabula
1054 2901 1149 2964 super
1181 2899 1305 2943 summa
1340 2881 1527 2960 Reimundi,

267 2986 389 3049 habens
411 2989 513 3050 eciam
537 2987 569 3049 in
594 2984 657 3050 fine
681 2987 778 3050 aliam
800 2987 943 3050 tabulam
960 3001 991 3050 et
1015 2987 1172 3070 quasdam
1189 2988 1417 3051 distinctiones
1433 3008 1528 3072 super

267 3093 407 3172 decretu,
431 3108 462 3157 et
486 3094 518 3155 in
542 3092 606 3156 fine
630 3094 703 3156 libri
727 3092 798 3156 finit
824 3093 1076 3156 »inveniendum
1100 3094 1132 3156 in
1156 3093 1225 3176 jure
1249 3095 1439 3157 canonicos.

374 3218 462 3298 Item,
486 3238 550 3281 una
574 3219 736 3281 summula
760 3219 793 3280 in
817 3217 885 3300 jure
910 3219 1066 3282 canonico
1091 3220 1122 3280 in
1148 3238 1247 3302 parvo
1271 3219 1449 3298 volumine,
1474 3239 1531 3303 per

268 3323 488 3407 alphabetum,
502 3345 565 3407 que
580 3325 693 3408 incipit
705 3344 825 3407 »quum
843 3325 994 3408 ignorans
1012 3325 1244 3407 ignorabitur«,
1262 3325 1334 3388 etin
1350 3324 1413 3388 fine
1426 3325 1530 3409 prime

268 3431 385 3513 pagine
409 3423 541 3494 secundi
566 3429 633 3495 lolii
658 3430 728 3494 finit
755 3444 991 3516 >representare
1008 3445 1144 3516 potest«,
1169 3446 1201 3496 et
1224 3433 1257 3494 In
1281 3429 1344 3493 fine
1368 3431 1442 3494 libri
1461 3430 1532 3493 finit

274 3537 496 3621 »perhenniter
519 3536 712 3620 fulgeamus.
737 3543 874 3601 Amen«.

375 3662 466 3742 Item,
491 3682 574 3724 unus
597 3663 680 3725 alius
703 3663 832 3725 libellus
864 3665 1032 3746 repertorii
1064 3664 1362 3727 adinveniendum
1386 3679 1531 3748 reperto·

271 3771 364 3849 rium,
387 3769 476 3853 parvi
500 3769 687 3848 voluminis,
710 3789 805 3853 super
836 3770 1061 3849 decretalibus,
1080 3785 1110 3834 et
1134 3771 1246 3853 incipit
1273 3771 1343 3834 »Ad
1362 3772 1526 3833 invenien-

271 3876 348 3939 dum
373 3896 637 3959 unamquamque
662 3877 862 3956 materiamr,
887 3878 972 3940 etin
1001 3876 1063 3939 fine
1095 3877 1168 3940 libri
1193 3877 1263 3941 finit
1290 3879 1349 3941 »de
1374 3879 1527 3940 constitu-

269 3983 417 4046 cionibus
440 4003 478 4046 ex
503 3983 616 4045 litteris
639 3983 760 4046 scilicet
783 3983 987 4066 coopertorii.

375 4103 465 4186 Item,
489 4125 572 4168 unus
596 4106 677 4168 alius
701 4106 782 4168 liber
805 4127 901 4190 super
925 4108 1035 4170 usibus
1067 4107 1252 4188 feudorum,
1285 4109 1399 4191 incipit
1425 4108 1530 4171 »Cum

271 4211 421 4274 cottidie«
447 4211 570 4276 habens
594 4215 626 4275 in
652 4212 714 4275 fine
739 4225 823 4274 certa
847 4213 909 4276 alia
934 4214 1100 4297 opuscula,
1125 4228 1155 4276 et
1179 4215 1212 4276 in
1237 4214 1299 4277 fine
1324 4215 1531 4277 constitucio-

271 4337 344 4381 nem
369 4319 495 4381 NIcolai
518 4339 600 4402 pape
624 4321 791 4402 glosatam.

376 4442 465 4523 Item,
489 4443 570 4505 liber
587 4443 627 4507 de
651 4445 759 4506 anima
776 4445 955 4525 racionalis,
981 4459 1011 4508 et
1028 4445 1139 4528 incipit
1158 4446 1338 4507 »bonorum
1356 4444 1529 4506 honorabi-

270 4548 350 4611 lium
375 4549 560 4630 noticiamt,
585 4564 616 4613 et
640 4552 672 4613 in
688 4550 752 4614 fine
769 4551 865 4614 habet
889 4551 1036 4614 ordinem
1053 4552 1256 4635 judiciarium
1286 4571 1342 4635 per
1359 4550 1528 4614 Bartholo-

270 4675 378 4718 meum
404 4657 597 4720 Brisiensem
622 4659 851 4741 compositum.

377 4780 467 4861 Item,
499 4783 580 4845 liber
604 4783 726 4846 codicis
742 4782 866 4846 domiai
884 4784 1055 4846 Iustiniani
1072 4784 1249 4846 secundum
1269 4783 1528 4865 antiquissimum

272 4887 418 4968 modum,
444 4902 474 4951 et
505 4874 618 4972 Incipit
650 4910 721 4952 cum
754 4891 878 4952 rubrica
916 4891 968 4951 »ln
999 4891 1132 4952 nomine
1166 4890 1289 4952 domini
1315 4890 1413 4952 nostri
1438 4889 1530 4952 Ihesu

272 4993 424 5075 Christi«,
449 5009 480 5058 et
503 4997 535 5058 in
560 4995 621 5060 fine
647 4997 719 5059 libri
744 4996 814 5059 finit
840 5010 1038 5080 »presentem
1063 5011 1177 5061 testem
1201 4997 1409 5061 habeamus«.
