3810 5806
796 512 980 572 Inventaria.
1465 533 1522 595 135

368 723 446 784 Item
480 742 581 785 unum
615 723 783 802 Manuale,
816 723 904 805 quod
936 724 1049 806 incipit
1080 745 1153 786 cum
1185 725 1328 788 rubrica:
1365 725 1525 800 »Quando

263 830 357 892 missa
382 827 416 890 fit
447 849 522 891 cum
545 829 805 912 solempnitate«,
830 829 916 892 etin
942 830 1004 893 fine
1029 831 1132 914 prime
1156 832 1271 914 pagine
1295 831 1429 894 secundi
1454 829 1525 894 folii

263 935 350 998 finit:
379 935 497 1014 maluo,
522 936 611 1018 quod
636 935 717 998 inira
742 937 963 1016 Dominicas«,
988 952 1019 1000 et
1044 938 1074 999 in
1103 935 1166 999 fine
1191 936 1260 1000 finit
1285 937 1325 1000 de
1349 939 1462 1000 eadem
1487 937 1525 1000 li·

262 1057 348 1105 tera:
376 1042 434 1104 »ad
459 1041 521 1104 celi
545 1042 680 1124 palacia.
709 1048 845 1106 Amen«

368 1148 445 1210 ltem
470 1166 571 1210 unum
598 1147 757 1212 Cantuale
781 1163 812 1211 et
836 1150 1027 1212 Leccionale
1052 1153 1144 1213 beate
1171 1150 1315 1233 virginis,
1340 1170 1412 1213 cum
1438 1163 1525 1230 nota,

262 1273 328 1336 quo
353 1255 472 1316 utimur
497 1255 528 1316 in
555 1255 667 1338 primis
691 1255 795 1317 missis
819 1257 910 1318 beate
935 1257 1078 1338 virginis.

617 1467 862 1549 Sequuntur
887 1465 1168 1550 Capitularia.

366 1625 444 1688 ltem
469 1646 570 1688 unum
596 1625 783 1709 Capitulare
808 1646 882 1689 curn
900 1625 1084 1689 calendario
1102 1641 1133 1689 et
1157 1628 1285 1691 rubrica
1311 1629 1522 1711 zagrabiensi,

261 1733 350 1816 quod
374 1733 488 1816 incipit
504 1753 576 1796 cum
596 1735 739 1796 rubrica:
761 1733 894 1817 »lncipit
911 1733 1147 1815 Capitularium
1173 1748 1204 1796 et
1231 1733 1522 1814 Collectuariume,

261 1853 292 1902 et
316 1839 348 1901 in
373 1838 437 1902 fine
461 1839 563 1922 prime
588 1839 705 1921 pagine
721 1839 853 1902 secundi
879 1838 950 1904 lolii
970 1838 1056 1902 finit:
1086 1837 1202 1902 »simul
1226 1855 1257 1903 et
1280 1860 1411 1924 operar,
1435 1855 1466 1904 et
1489 1841 1521 1902 in

260 1945 323 2009 fine
346 1945 420 2008 libri
445 1944 532 2008 finit:
560 1945 686 2008 »omnis
709 1945 838 2027 spiritus
863 1945 974 2008 laudat
998 1946 1202 2009 dominumr.

365 2052 444 2114 Item
468 2071 570 2114 unum
594 2051 683 2113 aliud
708 2050 896 2134 Capitulare
925 2071 1000 2113 cum
1035 2052 1128 2115 certis
1159 2053 1376 2133 oracionibus,
1400 2053 1523 2116 habens

261 2161 294 2222 in
318 2160 424 2242 primo
449 2159 683 2237 kalendarium,
708 2173 739 2220 er
763 2157 892 2241 incipit:
920 2157 1167 2241 »Omnipotens
1184 2161 1376 2243 sempiterne
1401 2160 1521 2238 Deum,

260 2265 381 2328 habens
404 2267 505 2328 eciam
530 2265 722 2348 antiphonas
746 2283 819 2326 cum
844 2265 939 2344 notia,
963 2265 1050 2326 etin
1075 2265 1137 2327 fine
1162 2265 1254 2328 libri:
1281 2266 1414 2330 »Gloria
1436 2265 1521 2349 patri

262 2387 293 2435 et
316 2370 384 2434 filio
407 2386 438 2434 et
461 2372 586 2454 spiritui
610 2385 753 2450 sancto«,
778 2390 851 2433 curn
876 2371 970 2434 notis.

365 2477 444 2540 Item
468 2478 557 2540 aliud
575 2477 761 2561 Capitulare
778 2477 925 2539 similiter
949 2497 1023 2539 cum
1040 2477 1227 2540 kalendario
1244 2491 1275 2540 et
1298 2479 1432 2540 rubricis
1448 2497 1519 2560 pre-

262 2585 364 2664 dictis,
389 2599 420 2646 et
443 2585 556 2668 incipit
579 2605 650 2647 curn
675 2585 818 2646 rubrica:
841 2583 975 2666 ›lncipit
1005 2584 1086 2646 ordo
1109 2582 1335 2667 Capitulorum
1359 2603 1415 2648 seu
1441 2582 1519 2646 Col·

259 2691 447 2771 lectarumr,
472 2693 559 2754 etin
590 2691 653 2754 fine
685 2691 787 2774 prime
819 2690 936 2772 pagine
968 2690 1100 2753 secundi
1132 2689 1204 2754 lolii
1236 2689 1323 2754 finit:
1352 2710 1433 2753 »vox
1456 2691 1519 2754 cla·

260 2799 407 2877 mantis«,
432 2811 464 2861 et
487 2799 520 2860 in
544 2797 608 2860 fine
632 2797 706 2859 libri
724 2796 845 2858 habeus
869 2797 1003 2858 letanias
1020 2811 1051 2860 et
1075 2795 1229 2860 Olficium
1247 2797 1279 2858 in
1303 2797 1519 2860 Dedicacione

260 2905 403 2967 ecclesie.
1018 2895 1023 2908 '

641 3045 886 3127 Sequuntur
910 3045 1134 3109 Psalteria.

363 3192 506 3254 Primum
530 3210 631 3253 unum
656 3189 845 3251 psalterium
871 3208 986 3271 magne
1011 3190 1207 3272 quantitatis,
1232 3209 1307 3253 curn
1330 3189 1517 3252 calendario

258 3313 342 3378 ante,
366 3313 397 3361 et
421 3298 533 3381 incipit
557 3316 629 3359 cum
654 3296 797 3358 rubrica:
819 3295 871 3357 ›ln
896 3294 1010 3358 diebus
1027 3297 1276 3360 dominicalibus
1293 3316 1351 3380 pro
1368 3310 1515 3379 tempore

256 3405 562 3488 peregrinationisr,
587 3417 617 3464 et
641 3403 674 3464 in
698 3401 760 3463 fine
792 3402 893 3483 prime
925 3403 1043 3484 pagine
1067 3403 1200 3465 secundi
1231 3403 1301 3466 lolii
1326 3402 1413 3466 finit:
1441 3402 1517 3485 »qui

256 3511 400 3592 loquitur
424 3507 684 3591 men(dacium)‹,
710 3508 831 3569 habens
858 3507 891 3568 in
916 3506 978 3569 fine
1011 3509 1138 3592 impnos
1163 3528 1235 3571 curn
1260 3523 1346 3589 nota,
1372 3523 1403 3571 at
1427 3507 1516 3572 finit:

260 3617 386 3700 »pigeat
409 3617 498 3698 quod
522 3616 682 3678 laudere«

362 3723 440 3785 ltem
464 3741 565 3784 unum
590 3721 676 3784 aliud
711 3720 911 3800 Psalterium,
944 3741 999 3802 per
1031 3721 1140 3784 omnia
1171 3720 1291 3801 simile,
1314 3722 1403 3784 salvo
1428 3721 1516 3804 quod

256 3829 288 3890 in
313 3828 375 3891 fine
399 3827 486 3892 finit:
515 3829 642 3890 »Prcsta
666 3843 754 3911 pater
771 3828 945 3910 piissime«,
974 3847 1033 3910 pro
1050 3827 1148 3890 choro
1173 3827 1317 3910 deputati
1342 3841 1372 3890 et
1396 3829 1517 3892 deuna

257 3953 355 3996 manu
378 3934 496 4017 scripti.

363 4040 441 4102 ltem
466 4039 532 4102 duo
556 4039 618 4102 alia
643 4041 795 4104 Psalteria
821 4061 892 4103 curn
926 4038 1120 4118 calendario,
1152 4058 1225 4101 curn
1250 4052 1344 4101 nota:
1373 4039 1515 4121 »Regem

257 4165 408 4227 magnum
434 4146 639 4225 adoremus«,
664 4147 778 4208 eodem
805 4147 903 4208 modo
927 4145 1086 4224 finiencia,
1111 4145 1245 4206 minoris
1268 4145 1454 4208 voluminis.

363 4253 441 4315 ltem
465 4252 553 4314 aliud
572 4253 762 4314 Psalterium
780 4253 902 4315 habens
918 4251 1141 4314 kalendarium
1159 4265 1243 4330 ante,
1260 4264 1291 4313 et
1315 4251 1426 4334 incipit
1443 4271 1516 4314 cum

257 4375 350 4423 nota:
378 4361 521 4442 »Regem
554 4379 706 4442 magnum
739 4359 943 4437 adoremus«,
977 4373 1008 4420 et
1039 4359 1071 4419 in
1099 4355 1162 4419 fine
1193 4359 1296 4440 prime
1328 4358 1444 4440 pagine
1469 4377 1516 4419 se-

257 4467 352 4528 cundi
379 4466 465 4528 lolii:
494 4467 652 4528 »Domine
678 4467 756 4527 deus
780 4485 903 4544 meus«,
929 4485 1001 4527 curn
1019 4479 1105 4542 nota,
1130 4477 1160 4525 et
1185 4465 1217 4526 in
1242 4463 1305 4527 fine
1330 4464 1403 4525 libri
1427 4462 1515 4526 finit:

259 4593 333 4656 ›per
357 4587 464 4636 eterna
488 4573 606 4636 secula.
631 4577 765 4634 Amen.‹

361 4679 439 4742 Item
465 4698 564 4741 unum
589 4678 677 4740 aliud
703 4678 742 4740 de
767 4678 880 4739 eadem
912 4679 1089 4760 quantitate
1122 4691 1152 4738 et
1183 4695 1292 4755 manu,
1315 4677 1383 4738 sine
1407 4675 1515 4738 kalen·

257 4785 358 4865 dario,
382 4785 470 4868 quod
493 4785 605 4867 incipit
629 4803 701 4846 curn
727 4797 820 4846 nota:
849 4785 990 4866 ’Regem
1009 4803 1195 4864 magnum«,
1220 4796 1251 4845 et
1269 4784 1301 4844 in
1325 4781 1388 4844 fine
1413 4783 1514 4864 prime

257 4893 372 4973 pagine
397 4891 528 4954 secundi
554 4889 623 4953 folii
644 4889 731 4952 finit:
760 4891 805 4952 »si
834 4889 1063 4970 red(didero)r,
1087 4903 1118 4951 et
1135 4890 1167 4950 in
1184 4888 1245 4951 fine
1271 4888 1344 4950 libri
1369 4888 1516 4950 similiter

257 4997 344 5060 finit:
371 5018 447 5081 »per
470 5011 578 5061 eterna
602 4998 720 5060 secula.
746 5005 881 5059 Amen«
