3810 5806
647 1526 775 1622 (Auno
802 1523 959 1612 Domini
986 1523 1212 1625 Muttttt.)

277 1882 366 1958 ltem
403 1883 438 1957 in
466 1905 560 1958 anno
589 1881 732 1957 Domini
767 1881 954 1958 millesimo
981 1883 1271 1982 quingentesimo
1301 1881 1441 1960 decimo
1480 1908 1538 1960 oc-

274 2015 371 2098 tavo,
390 2013 556 2106 tempore
580 2004 760 2102 judicatus
790 2005 920 2104 prefati
949 2005 1132 2081 Michaelis
1162 2004 1222 2081 filii
1251 2005 1431 2098 Anthonii,
1462 2031 1536 2084 mo-

275 2130 373 2205 derni
410 2128 540 2228 judicis
582 2129 718 2220 nostri,
761 2151 910 2228 presens
949 2129 1161 2206 kathernunt
1204 2138 1264 2206 est
1298 2133 1538 2231 conscriptum

275 2252 383 2328 modo
413 2260 451 2328 et
480 2252 604 2328 ordine
633 2259 742 2352 prout
769 2259 883 2351 patet,
912 2251 1003 2328 feria
1031 2253 1154 2352 quinta
1179 2254 1341 2352 proxima
1374 2262 1436 2329 ant
1486 2254 1537 2329 fe-

618 2385 712 2451 stunt
741 2377 850 2451 beate
870 2375 982 2452 Elene
1011 2378 1149 2476 regine.

825 2673 888 2740 (20.
913 2660 1015 2740 maie).

379 2821 477 2896 Quod
503 2821 578 2902 quia
604 2840 662 2883 noa
690 2822 905 2883 communitas
937 2821 1100 2903 quandam
1132 2837 1250 2884 terram
1282 2837 1422 2884 nostram
1448 2841 1531 2884 com·

271 2948 404 2991 munem
429 2929 461 2988 in
487 2928 648 2990 territorio
682 2943 791 2989 nostro
816 2948 872 2989 seu
906 2929 1044 2990 civitatis
1076 2927 1196 3011 prefate
1222 2930 1304 2990 inter
1335 2930 1413 2990 alias
1437 2943 1535 2990 terras

269 3035 417 3096 similiter
449 3047 556 3096 nostre
588 3034 829 3097 communitatis
861 3055 878 3096 a
911 3049 998 3117 parte
1034 3035 1288 3117 septemtrionali
1326 3036 1380 3097 ubi
1415 3035 1536 3097 mediat

270 3142 386 3223 partim
411 3140 576 3222 quoddam
602 3138 755 3202 fossatum
780 3141 878 3222 vulgo
903 3141 1148 3219 meledictum,
1173 3155 1204 3204 et
1227 3161 1245 3203 a
1269 3155 1357 3223 parte
1381 3141 1532 3202 meridio-

269 3246 334 3308 nali
360 3248 442 3308 inter
466 3259 497 3308 et
521 3266 620 3329 penes
644 3247 809 3327 quoddam
827 3245 982 3308 fossatum
1001 3247 1099 3329 vulgo
1124 3248 1278 3332 Zawycza
1303 3248 1436 3324 dictum,
1452 3260 1532 3309 tem-

269 3373 346 3436 pore
371 3353 596 3415 inundacionis
620 3352 710 3414 fluvii
736 3354 830 3414 Zawe
856 3353 1063 3431 defluentem,
1088 3355 1127 3414 ab
1152 3353 1299 3414 orientali
1325 3367 1355 3415 et
1380 3353 1532 3415 occiden·

268 3460 323 3521 tali
349 3479 425 3521 vero
449 3460 592 3541 partibus
616 3459 666 3521 vie
691 3479 891 3538 communes,
918 3459 1059 3521 habitam
1093 3475 1124 3520 et
1155 3459 1355 3538 existentem,
1380 3474 1454 3521 octo
1478 3474 1533 3522 aut

269 3567 346 3627 citra
371 3566 473 3627 dietas
497 3567 529 3627 in
553 3586 586 3628 se
611 3566 843 3644 continentem,
867 3567 963 3627 simul
996 3586 1068 3627 curn
1102 3567 1254 3628 omnibus
1278 3567 1423 3628 eiusdem
1447 3583 1531 3628 terre

269 3687 375 3734 nostre
386 3673 626 3734 communitatis
643 3673 845 3751 utilitatibus,
855 3672 988 3754 juribus,
999 3673 1120 3752 usibus,
1138 3674 1372 3754 integritatibus
1391 3687 1421 3734 et
1436 3673 1531 3755 perti-

269 3779 391 3841 nenciis
406 3779 562 3841 universis
578 3779 752 3841 kalendino
770 3780 916 3841 omnium
940 3781 1131 3842 Sanctorum
1148 3800 1204 3841 seu
1221 3777 1371 3841 fratribus
1385 3779 1529 3840 eiusdem

270 3884 435 3946 modernis
453 3900 484 3946 et
501 3884 615 3947 futuris
639 3905 695 3968 per
712 3887 845 3947 modurn
865 3887 1044 3947 concambii
1070 3901 1101 3948 et
1115 3886 1367 3968 permutacionis
1383 3905 1441 3966 pro
1466 3886 1528 3946 alia

267 4003 349 4052 terra
375 3990 488 4074 prefati
514 3992 674 4053 calendini
699 3993 848 4054 similiter
873 3993 903 4052 in
927 3994 1087 4055 territorio
1105 3990 1225 4075 prefate
1249 3993 1386 4053 civitatis
1410 3992 1442 4052 in
1460 3990 1530 4053 Cir-

268 4097 400 4178 quiache
424 4098 533 4160 habita
558 4112 589 4160 et
605 4099 769 4177 existente,
795 4099 827 4159 in
852 4117 915 4179 qua
945 4118 1029 4160 nunc
1047 4099 1162 4161 residet
1187 4099 1298 4160 Petrus
1324 4097 1529 4180 Rankowych

266 4205 363 4266 simul
387 4224 461 4266 cunt
486 4203 636 4266 fratribus
659 4205 734 4283 suis,
759 4205 907 4266 dedimus
932 4219 962 4267 et
983 4205 1201 4287 inscripsimus
1226 4205 1294 4285 jure
1319 4218 1474 4287 perpetuo
1500 4219 1530 4265 et

266 4310 536 4388 irrevocabiliter;
560 4311 611 4372 cui
636 4311 708 4372 data
732 4325 779 4372 est
806 4311 897 4373 litera
915 4312 1135 4393 privilegialis.
1161 4310 1278 4373 Datum
1304 4312 1437 4372 sabbato
1456 4331 1528 4392 pro·

265 4417 353 4479 nimo
377 4431 449 4478 ante
474 4415 591 4478 festum
616 4417 699 4478 beati
733 4417 861 4478 Andree
893 4418 1042 4499 apostoli.
1076 4421 1171 4479 Anno
1197 4417 1329 4478 Domini
1355 4416 1529 4478 millesimo

265 4523 526 4606 quingentesimo
551 4524 679 4586 decimo
702 4524 851 4606 septimo

372 4629 470 4704 Quod
505 4631 580 4712 quia
616 4649 674 4692 nos
707 4631 922 4693 communitas
962 4631 1117 4711 quasdam
1149 4645 1247 4693 terras
1283 4631 1421 4692 arabiles
1456 4649 1529 4691 cum

266 4737 405 4818 quadarn
430 4736 577 4799 similiter
592 4751 675 4799 terra
699 4738 798 4819 vulgo
816 4737 937 4820 Zygetlr
955 4737 1051 4816 dicta,
1072 4737 1175 4798 eidem
1201 4738 1391 4814 subiacenti,
1416 4737 1527 4797 decem

266 4843 367 4904 dietas
399 4856 454 4906 aut
477 4845 553 4904 citra
586 4845 618 4906 in
642 4865 675 4906 se
708 4845 918 4920 continentes,
951 4845 1029 4926 pari,
1062 4844 1214 4905 concordi
1239 4858 1270 4905 et
1293 4843 1438 4906 unanimi
1471 4863 1526 4904 vo-

267 4949 389 5011 luntate
406 4963 514 5011 nostra
536 4969 607 5012 cum
627 4951 858 5033 circumspecto
876 4965 907 5014 et
924 4950 1058 5014 honesto
1076 4951 1144 5012 viro
1163 4951 1270 5014 lwano
1288 4950 1413 5014 Zodecz
1430 4950 1527 5030 dicto,
