3842 5802
557 1617 685 1718 (luno
713 1617 869 1705 Domini
896 1616 1222 1720 uooooaxxlt.)

232 1952 322 2028 item
351 1953 386 2027 in
415 1977 508 2028 anno
538 1953 681 2028 Domini
720 1955 909 2030 millesimo
949 1955 1308 2055 quadringentesimo
1348 1964 1494 2056 septua-

231 2077 375 2175 gesimo
402 2079 574 2167 secundo,
613 2084 779 2177 tempore
812 2078 993 2176 judicatus
1031 2078 1220 2155 Benedicti
1239 2078 1299 2154 lilii
1330 2077 1495 2178 Georgii,

225 2199 357 2297 judicis
386 2199 502 2275 nostri
532 2200 705 2288 moderni,
735 2201 891 2278 sabbato
925 2203 1089 2302 proximo
1118 2210 1203 2278 ante
1232 2203 1364 2278 festum
1395 2203 1495 2277 Puri·

230 2323 414 2398 licaeionis
450 2323 560 2400 beate
595 2323 708 2400 lllarie
745 2326 894 2425 virginis
933 2328 1094 2426 proxime
1132 2334 1339 2414 venturum,
1389 2350 1499 2426 super

230 2449 496 2546 registtacione
525 2458 564 2525 et
591 2449 872 2547 consignacione
909 2451 1092 2527 literarum
1129 2450 1403 2551 privilegialium
1432 2451 1495 2544 (ci-

228 2572 338 2668 vium)
368 2581 406 2648 et
434 2573 712 2649 inhabitatorum
733 2574 828 2650 dicte
851 2576 1019 2667 civitatis,
1040 2576 1148 2652 modo
1179 2584 1217 2651 et
1245 2575 1369 2651 ordine
1389 2574 1495 2650 infra-

786 2699 941 2798 scriptis.

762 2961 802 3022 (1.
820 2946 995 3022 februarii).

339 3104 425 3177 Quia
449 3105 497 3165 vir
521 3103 675 3186 providus
698 3103 852 3166 Nicolaus
875 3117 987 3182 sartor,
1008 3103 1115 3165 senior
1140 3103 1271 3185 juratus,
1295 3102 1448 3180 sororius,
1465 3115 1496 3162 et

231 3210 366 3271 honeste
391 3209 542 3272 domine:
574 3209 749 3271 Katherina
774 3210 870 3272 Blasii
903 3209 1056 3271 institoris
1094 3222 1126 3270 et
1160 3208 1323 3271 Dorothea
1356 3207 1493 3270 condam

231 3315 358 3376 Nicolai
383 3315 512 3377 sartoris
536 3330 711 3394 consortes,
736 3331 921 3378 executores
937 3315 1121 3377 testamenti
1146 3315 1278 3376 domine
1302 3314 1435 3394 Agnetis
1447 3333 1494 3374 re-

230 3419 306 3482 licte
323 3421 459 3483 condam
479 3421 630 3483 Thoman
650 3422 804 3483 institoris
823 3421 1038 3502 Hansberger,
1055 3421 1133 3482 olim
1159 3420 1273 3502 judicis
1297 3433 1328 3480 et
1352 3419 1495 3480 concivis

230 3529 343 3605 nostri,
367 3527 584 3589 vendiderunt
615 3528 777 3610 quandam
812 3543 927 3588 terram
960 3526 1115 3588 arabilem
1144 3528 1243 3608 ipsius
1275 3525 1413 3587 condam
1438 3524 1495 3586 do-

230 3634 318 3695 mine
344 3635 477 3714 Agnetis
502 3635 533 3695 in
552 3653 666 3716 campo
684 3634 820 3695 civitatis
837 3633 978 3716 predicte
1004 3634 1085 3694 inter
1101 3645 1216 3693 terram
1235 3631 1349 3714 prefati
1368 3630 1494 3692 Nicolai

228 3740 359 3802 sartoris
382 3754 412 3801 et
436 3754 552 3800 terram
577 3755 684 3802 nostre
708 3741 947 3801 communitatis
972 3740 1003 3800 in
1029 3739 1101 3800 loco
1127 3739 1270 3820 Tratyne
1295 3751 1408 3799 vocato
1434 3736 1491 3798 ha·

229 3847 340 3926 bitam,
365 3861 487 3929 septem
512 3845 614 3908 dietas
637 3847 669 3907 in
693 3867 727 3908 se
752 3846 981 3923 continentem,
1012 3846 1227 3908 vendiderunt
1251 3844 1375 3928 prelato
1392 3845 1494 3906 Bene-

229 3953 317 4014 dicto
341 3951 439 4032 judici
464 3966 574 4014 nostro
600 3953 757 4014 moderno
782 3964 813 4014 et
846 3952 912 4012 suis
943 3951 1126 4030 heredibus,
1159 3953 1210 4014 cui
1235 3952 1305 4013 data
1333 3964 1379 4013 est
1403 3951 1494 4012 litera

229 4073 337 4120 nostre
362 4059 604 4122 communitatis
627 4058 658 4118 in
683 4058 836 4140 pendenti
862 4059 1059 4138 consignata.

335 4167 403 4226 Nos
427 4165 621 4226 Benedictus
645 4163 729 4226 filius
754 4163 888 4244 Georgii
919 4165 1026 4245 judex,
1060 4164 1199 4244 Blasius,
1223 4163 1391 4242 Achacius‚
1417 4163 1494 4224 Dio-

228 4273 340 4351 nisius,
365 4273 457 4351 Pero,
491 4271 682 4354 Stephanus,
715 4271 902 4353 Gregorius,
936 4271 1103 4354 Philippus
1135 4285 1166 4333 et
1198 4270 1358 4351 Georgius
1389 4270 1494 4352 jurati,

228 4379 404 4440 consiliarii
429 4393 459 4440 et
484 4378 624 4440 universi
649 4379 734 4440 cives
758 4378 896 4439 civitatis
914 4377 1205 4459 Montisgrecensis.
1232 4377 1388 4438 Memoria
1406 4394 1493 4438 com-

228 4484 421 4545 mendamus
444 4498 556 4546 tenore
575 4485 776 4566 presencium
794 4483 1021 4565 significantes,
1039 4483 1157 4564 quibus
1174 4483 1302 4564 expedit
1326 4482 1492 4544 universis.

229 4589 329 4663 Quod
353 4591 401 4652 vir
424 4589 580 4672 providus
612 4605 642 4652 et
676 4590 829 4652 honestus
862 4591 1027 4652 Dionisius
1058 4589 1142 4651 filius
1175 4589 1312 4650 condam
1337 4587 1493 4650 Anthonii

229 4696 400 4780 Sypchych
426 4698 646 4780 cognominati
681 4698 720 4758 de
745 4698 916 4775 Rahonok,
948 4697 1124 4758 modernus
1154 4697 1275 4778 juratus
1298 4709 1329 4758 et
1352 4696 1494 4757 concivis

228 4817 337 4866 noster
360 4805 572 4887 supradictus,
590 4804 629 4866 ad
648 4819 787 4866 nostram
807 4804 1018 4887 personaliter
1043 4805 1174 4865 veniens
1190 4805 1387 4886 presenciam
1413 4803 1493 4865 dixit

229 4925 260 4972 et
281 4910 444 4972 confessus
469 4925 515 4972 est
539 4912 671 4974 oraculo
704 4911 775 4972 vive
808 4911 896 4972 vocis
927 4930 983 4971 sue
1007 4911 1039 4972 in
1071 4910 1157 4970 hunc
1190 4911 1341 4973 modum:
1367 4924 1400 4970 ut
1425 4911 1491 4992 ipse

228 5017 391 5104 quandam
416 5017 550 5086 domum
583 5037 672 5086 suam
706 5032 875 5100 muratam,
908 5036 1033 5084 necnon
1066 5015 1203 5084 fundunt
1229 5031 1258 5084 et
1283 5015 1431 5084 hedificia
1458 5017 1488 5080 in
