<?xml version="1.0" encoding="UTF-8"?>
<!DOCTYPE html PUBLIC "-//W3C//DTD XHTML 1.0 Transitional//EN"
    "http://www.w3.org/TR/xhtml1/DTD/xhtml1-transitional.dtd">
<html xmlns="http://www.w3.org/1999/xhtml" xml:lang="en" lang="en">
 <head>
  <title>
</title>
<meta http-equiv="Content-Type" content="text/html;charset=utf-8" />
  <meta name='ocr-system' content='tesseract 3.04.00' />
  <meta name='ocr-capabilities' content='ocr_page ocr_carea ocr_par ocr_line ocrx_word'/>
</head>
<body>
  <div class='ocr_page' id='page_1' title='image "./monumentahistor19laszgoog_0065.png"; bbox 0 0 3842 5802; ppageno 0'>
   <div class='ocr_carea' id='block_1_1' title="bbox 837 549 1567 628">
    <p class='ocr_par' dir='ltr' id='par_1_1' title="bbox 837 549 1567 628">
     <span class='ocr_line' id='line_1_1' title="bbox 837 549 1567 628; baseline 0.003 -22"><span class='ocrx_word' id='word_1_1' title='bbox 837 549 924 606; x_wconf 78' lang='lat' dir='ltr'>Anno</span> <span class='ocrx_word' id='word_1_2' title='bbox 946 557 1036 626; x_wconf 74' lang='lat'><em>1473.</em></span> <span class='ocrx_word' id='word_1_3' title='bbox 1533 569 1567 628; x_wconf 83' lang='lat'>¹3</span> 
     </span>
    </p>
   </div>
   <div class='ocr_carea' id='block_1_2' title="bbox 307 653 1568 664">
    <p class='ocr_par' dir='ltr' id='par_1_2' title="bbox 307 653 1568 664">
     <span class='ocr_line' id='line_1_2' title="bbox 307 653 1568 664; baseline -0.003 0"><span class='ocrx_word' id='word_1_4' title='bbox 307 657 404 664; x_wconf 77' lang='lat'>-—-</span> <span class='ocrx_word' id='word_1_5' title='bbox 419 655 810 663; x_wconf 72' lang='lat'><strong>.--—-—-—-—---———-.....-</strong></span> <span class='ocrx_word' id='word_1_6' title='bbox 835 655 843 659; x_wconf 95' lang='lat'>-</span> <span class='ocrx_word' id='word_1_7' title='bbox 863 655 906 660; x_wconf 81' lang='lat'>-—</span> <span class='ocrx_word' id='word_1_8' title='bbox 922 655 1002 660; x_wconf 77' lang='lat'><em>-.-.-.</em></span> <span class='ocrx_word' id='word_1_9' title='bbox 1100 655 1113 660; x_wconf 80' lang='lat'>-</span> <span class='ocrx_word' id='word_1_10' title='bbox 1132 653 1224 660; x_wconf 79' lang='lat'><em>..—-.-.-</em></span> <span class='ocrx_word' id='word_1_11' title='bbox 1243 653 1259 660; x_wconf 69' lang='grc' dir='ltr'>,ο</span> <span class='ocrx_word' id='word_1_12' title='bbox 1287 655 1292 659; x_wconf 90' lang='grc'>-</span> <span class='ocrx_word' id='word_1_13' title='bbox 1343 653 1394 660; x_wconf 79' lang='grc'>---</span> <span class='ocrx_word' id='word_1_14' title='bbox 1438 654 1568 660; x_wconf 71' lang='grc'>..-</span> 
     </span>
    </p>
   </div>
   <div class='ocr_carea' id='block_1_3' title="bbox 298 759 1568 5095">
    <p class='ocr_par' dir='ltr' id='par_1_3' title="bbox 304 759 1568 1248">
     <span class='ocr_line' id='line_1_3' title="bbox 305 759 1568 842; baseline -0.002 -20"><span class='ocrx_word' id='word_1_15' title='bbox 305 759 419 842; x_wconf 87' lang='lat' dir='ltr'>prelati</span> <span class='ocrx_word' id='word_1_16' title='bbox 453 761 572 822; x_wconf 87' lang='lat' dir='ltr'>Mathie</span> <span class='ocrx_word' id='word_1_17' title='bbox 605 760 734 822; x_wconf 85' lang='lat' dir='ltr'>sartoris</span> <span class='ocrx_word' id='word_1_18' title='bbox 765 773 796 822; x_wconf 90' lang='lat' dir='ltr'>et</span> <span class='ocrx_word' id='word_1_19' title='bbox 827 759 982 821; x_wconf 88' lang='lat' dir='ltr'>institoris</span> <span class='ocrx_word' id='word_1_20' title='bbox 1006 774 1036 820; x_wconf 93' lang='lat' dir='ltr'>et</span> <span class='ocrx_word' id='word_1_21' title='bbox 1068 759 1150 822; x_wconf 88' lang='lat' dir='ltr'>inter</span> <span class='ocrx_word' id='word_1_22' title='bbox 1183 759 1317 821; x_wconf 88' lang='lat' dir='ltr'>domum</span> <span class='ocrx_word' id='word_1_23' title='bbox 1350 760 1477 842; x_wconf 88' lang='lat' dir='ltr'>providi</span> <span class='ocrx_word' id='word_1_24' title='bbox 1509 760 1568 820; x_wconf 93' lang='lat' dir='ltr'>viri</span> 
     </span>
     <span class='ocr_line' id='line_1_4' title="bbox 305 863 1568 950; baseline -0.002 -22"><span class='ocrx_word' id='word_1_25' title='bbox 305 868 404 948; x_wconf 89' lang='lat' dir='ltr'>Jurgh</span> <span class='ocrx_word' id='word_1_26' title='bbox 430 865 587 928; x_wconf 90' lang='lat' dir='ltr'>carnificis</span> <span class='ocrx_word' id='word_1_27' title='bbox 612 887 628 928; x_wconf 86' lang='lat' dir='ltr'>a</span> <span class='ocrx_word' id='word_1_28' title='bbox 654 881 743 950; x_wconf 88' lang='lat' dir='ltr'>parte</span> <span class='ocrx_word' id='word_1_29' title='bbox 776 866 1030 948; x_wconf 82' lang='lat' dir='ltr'>septemtrionali</span> <span class='ocrx_word' id='word_1_30' title='bbox 1064 865 1216 944; x_wconf 81' lang='lat' dir='ltr'>habitam,</span> <span class='ocrx_word' id='word_1_31' title='bbox 1248 865 1344 926; x_wconf 88' lang='lat' dir='ltr'>simul</span> <span class='ocrx_word' id='word_1_32' title='bbox 1368 885 1441 927; x_wconf 91' lang='lat' dir='ltr'>cum</span> <span class='ocrx_word' id='word_1_33' title='bbox 1467 863 1568 927; x_wconf 88' lang='lat' dir='ltr'>fundo</span> 
     </span>
     <span class='ocr_line' id='line_1_5' title="bbox 304 971 1568 1054; baseline -0.002 -19"><span class='ocrx_word' id='word_1_34' title='bbox 304 992 342 1035; x_wconf 89' lang='lat' dir='ltr'>ac</span> <span class='ocrx_word' id='word_1_35' title='bbox 365 972 531 1051; x_wconf 86' lang='lat' dir='ltr'>hedificiis,</span> <span class='ocrx_word' id='word_1_36' title='bbox 556 992 653 1034; x_wconf 86' lang='lat' dir='ltr'>unam</span> <span class='ocrx_word' id='word_1_37' title='bbox 681 973 838 1054; x_wconf 90' lang='lat' dir='ltr'>integram</span> <span class='ocrx_word' id='word_1_38' title='bbox 863 973 985 1034; x_wconf 89' lang='lat' dir='ltr'>curiam</span> <span class='ocrx_word' id='word_1_39' title='bbox 1016 971 1056 1033; x_wconf 88' lang='lat' dir='ltr'>ad</span> <span class='ocrx_word' id='word_1_40' title='bbox 1089 991 1182 1034; x_wconf 89' lang='lat' dir='ltr'>usum</span> <span class='ocrx_word' id='word_1_41' title='bbox 1208 971 1292 1034; x_wconf 90' lang='lat' dir='ltr'>dicte</span> <span class='ocrx_word' id='word_1_42' title='bbox 1316 971 1453 1033; x_wconf 89' lang='lat' dir='ltr'>civitatis</span> <span class='ocrx_word' id='word_1_43' title='bbox 1478 972 1510 1033; x_wconf 93' lang='lat' dir='ltr'>in</span> <span class='ocrx_word' id='word_1_44' title='bbox 1535 991 1568 1033; x_wconf 87' lang='lat' dir='ltr'>se</span> 
     </span>
     <span class='ocr_line' id='line_1_6' title="bbox 304 1077 1568 1158; baseline -0.002 -18"><span class='ocrx_word' id='word_1_45' title='bbox 304 1080 535 1158; x_wconf 89' lang='lat' dir='ltr'>continentem,</span> <span class='ocrx_word' id='word_1_46' title='bbox 560 1078 666 1140; x_wconf 90' lang='lat' dir='ltr'>eidem</span> <span class='ocrx_word' id='word_1_47' title='bbox 686 1077 806 1141; x_wconf 90' lang='lat' dir='ltr'>Mathie</span> <span class='ocrx_word' id='word_1_48' title='bbox 823 1079 936 1141; x_wconf 86' lang='lat' dir='ltr'>sartori</span> <span class='ocrx_word' id='word_1_49' title='bbox 963 1079 1107 1140; x_wconf 91' lang='lat' dir='ltr'>vendidit</span> <span class='ocrx_word' id='word_1_50' title='bbox 1124 1093 1155 1140; x_wconf 92' lang='lat' dir='ltr'>et</span> <span class='ocrx_word' id='word_1_51' title='bbox 1171 1079 1309 1140; x_wconf 91' lang='lat' dir='ltr'>contulit</span> <span class='ocrx_word' id='word_1_52' title='bbox 1330 1097 1437 1140; x_wconf 88' lang='lat' dir='ltr'>coram</span> <span class='ocrx_word' id='word_1_53' title='bbox 1456 1079 1568 1155; x_wconf 88' lang='lat' dir='ltr'>nobis;</span> 
     </span>
     <span class='ocr_line' id='line_1_7' title="bbox 304 1185 1047 1248; baseline -0.001 -1"><span class='ocrx_word' id='word_1_54' title='bbox 304 1185 355 1247; x_wconf 92' lang='lat' dir='ltr'>cui</span> <span class='ocrx_word' id='word_1_55' title='bbox 380 1186 452 1247; x_wconf 91' lang='lat' dir='ltr'>data</span> <span class='ocrx_word' id='word_1_56' title='bbox 476 1199 524 1247; x_wconf 91' lang='lat' dir='ltr'>est</span> <span class='ocrx_word' id='word_1_57' title='bbox 547 1185 638 1248; x_wconf 89' lang='lat' dir='ltr'>litera</span> <span class='ocrx_word' id='word_1_58' title='bbox 664 1199 769 1248; x_wconf 90' lang='lat' dir='ltr'>nostre</span> <span class='ocrx_word' id='word_1_59' title='bbox 795 1186 1047 1248; x_wconf 80' lang='lat' dir='ltr'>communitatis.</span> 
     </span>
    </p>

    <p class='ocr_par' dir='ltr' id='par_1_4' title="bbox 300 1291 1568 4141">
     <span class='ocr_line' id='line_1_8' title="bbox 409 1291 1567 1374; baseline 0.001 -22"><span class='ocrx_word' id='word_1_60' title='bbox 409 1291 486 1354; x_wconf 90' lang='lat' dir='ltr'>ltem</span> <span class='ocrx_word' id='word_1_61' title='bbox 512 1291 589 1373; x_wconf 82' lang='lat' dir='ltr'>quia</span> <span class='ocrx_word' id='word_1_62' title='bbox 614 1291 752 1352; x_wconf 88' lang='lat' dir='ltr'>condam</span> <span class='ocrx_word' id='word_1_63' title='bbox 784 1293 939 1374; x_wconf 90' lang='lat' dir='ltr'>providus</span> <span class='ocrx_word' id='word_1_64' title='bbox 971 1292 1020 1352; x_wconf 89' lang='lat' dir='ltr'>vir</span> <span class='ocrx_word' id='word_1_65' title='bbox 1051 1291 1197 1354; x_wconf 76' lang='lat' dir='ltr'>Andreas</span> <span class='ocrx_word' id='word_1_66' title='bbox 1229 1291 1315 1354; x_wconf 87' lang='lat' dir='ltr'>lilius</span> <span class='ocrx_word' id='word_1_67' title='bbox 1346 1292 1483 1354; x_wconf 88' lang='lat' dir='ltr'>condam</span> <span class='ocrx_word' id='word_1_68' title='bbox 1510 1291 1567 1374; x_wconf 91' lang='lat' dir='ltr'>Sy-</span> 
     </span>
     <span class='ocr_line' id='line_1_9' title="bbox 305 1398 1568 1480; baseline 0 -20"><span class='ocrx_word' id='word_1_69' title='bbox 305 1399 411 1460; x_wconf 90' lang='lat' dir='ltr'>monis</span> <span class='ocrx_word' id='word_1_70' title='bbox 435 1398 492 1460; x_wconf 86' lang='lat' dir='ltr'>lilii</span> <span class='ocrx_word' id='word_1_71' title='bbox 519 1398 697 1476; x_wconf 85' lang='lat' dir='ltr'>Michaelis,</span> <span class='ocrx_word' id='word_1_72' title='bbox 722 1399 799 1460; x_wconf 91' lang='lat' dir='ltr'>olim</span> <span class='ocrx_word' id='word_1_73' title='bbox 825 1399 921 1476; x_wconf 84' lang='lat' dir='ltr'>judex</span> <span class='ocrx_word' id='word_1_74' title='bbox 946 1413 977 1461; x_wconf 89' lang='lat' dir='ltr'>et</span> <span class='ocrx_word' id='word_1_75' title='bbox 1001 1399 1142 1460; x_wconf 90' lang='lat' dir='ltr'>concivis</span> <span class='ocrx_word' id='word_1_76' title='bbox 1174 1413 1291 1478; x_wconf 88' lang='lat' dir='ltr'>noster,</span> <span class='ocrx_word' id='word_1_77' title='bbox 1317 1399 1433 1480; x_wconf 90' lang='lat' dir='ltr'>legavit</span> <span class='ocrx_word' id='word_1_78' title='bbox 1458 1400 1489 1460; x_wconf 93' lang='lat' dir='ltr'>in</span> <span class='ocrx_word' id='word_1_79' title='bbox 1516 1420 1568 1460; x_wconf 89' lang='lat' dir='ltr'>ex·</span> 
     </span>
     <span class='ocr_line' id='line_1_10' title="bbox 303 1506 1567 1588; baseline -0.001 -21"><span class='ocrx_word' id='word_1_80' title='bbox 303 1507 413 1567; x_wconf 88' lang='lat' dir='ltr'>tremis</span> <span class='ocrx_word' id='word_1_81' title='bbox 444 1507 507 1568; x_wconf 92' lang='lat' dir='ltr'>vite</span> <span class='ocrx_word' id='word_1_82' title='bbox 539 1526 595 1568; x_wconf 91' lang='lat' dir='ltr'>sue</span> <span class='ocrx_word' id='word_1_83' title='bbox 628 1506 814 1588; x_wconf 88' lang='lat' dir='ltr'>temporalis</span> <span class='ocrx_word' id='word_1_84' title='bbox 848 1507 878 1567; x_wconf 92' lang='lat' dir='ltr'>in</span> <span class='ocrx_word' id='word_1_85' title='bbox 914 1520 1105 1568; x_wconf 89' lang='lat' dir='ltr'>testamento</span> <span class='ocrx_word' id='word_1_86' title='bbox 1137 1527 1195 1568; x_wconf 90' lang='lat' dir='ltr'>suo</span> <span class='ocrx_word' id='word_1_87' title='bbox 1234 1506 1390 1588; x_wconf 87' lang='lat' dir='ltr'>quasdam</span> <span class='ocrx_word' id='word_1_88' title='bbox 1422 1507 1567 1588; x_wconf 90' lang='lat' dir='ltr'>quinque</span> 
     </span>
     <span class='ocr_line' id='line_1_11' title="bbox 304 1613 1567 1695; baseline -0.002 -21"><span class='ocrx_word' id='word_1_89' title='bbox 304 1613 520 1694; x_wconf 87' lang='lat' dir='ltr'>possessiones</span> <span class='ocrx_word' id='word_1_90' title='bbox 536 1627 566 1674; x_wconf 89' lang='lat' dir='ltr'>et</span> <span class='ocrx_word' id='word_1_91' title='bbox 583 1613 753 1694; x_wconf 89' lang='lat' dir='ltr'>porciones</span> <span class='ocrx_word' id='word_1_92' title='bbox 769 1632 841 1674; x_wconf 89' lang='lat' dir='ltr'>suas</span> <span class='ocrx_word' id='word_1_93' title='bbox 856 1613 1131 1694; x_wconf 88' lang='lat' dir='ltr'>possessionarias,</span> <span class='ocrx_word' id='word_1_94' title='bbox 1149 1627 1234 1694; x_wconf 91' lang='lat' dir='ltr'>puta,</span> <span class='ocrx_word' id='word_1_95' title='bbox 1256 1613 1421 1694; x_wconf 90' lang='lat' dir='ltr'>quandam</span> <span class='ocrx_word' id='word_1_96' title='bbox 1442 1613 1567 1695; x_wconf 84' lang='lat' dir='ltr'>porcio-</span> 
     </span>
     <span class='ocr_line' id='line_1_12' title="bbox 303 1719 1562 1802; baseline 0 -22"><span class='ocrx_word' id='word_1_97' title='bbox 303 1739 377 1780; x_wconf 87' lang='lat' dir='ltr'>nem</span> <span class='ocrx_word' id='word_1_98' title='bbox 390 1739 480 1781; x_wconf 90' lang='lat' dir='ltr'>suam</span> <span class='ocrx_word' id='word_1_99' title='bbox 495 1719 651 1780; x_wconf 86' lang='lat' dir='ltr'>vinealem</span> <span class='ocrx_word' id='word_1_100' title='bbox 667 1719 853 1800; x_wconf 90' lang='lat' dir='ltr'>incipiendo</span> <span class='ocrx_word' id='word_1_101' title='bbox 866 1739 883 1780; x_wconf 89' lang='lat' dir='ltr'>a</span> <span class='ocrx_word' id='word_1_102' title='bbox 897 1719 1037 1800; x_wconf 88' lang='lat' dir='ltr'>quadam</span> <span class='ocrx_word' id='word_1_103' title='bbox 1054 1720 1166 1781; x_wconf 91' lang='lat' dir='ltr'>semita</span> <span class='ocrx_word' id='word_1_104' title='bbox 1186 1719 1217 1780; x_wconf 91' lang='lat' dir='ltr'>in</span> <span class='ocrx_word' id='word_1_105' title='bbox 1229 1719 1379 1802; x_wconf 90' lang='lat' dir='ltr'>opposito</span> <span class='ocrx_word' id='word_1_106' title='bbox 1396 1719 1562 1780; x_wconf 87' lang='lat' dir='ltr'>cuiusdam</span> 
     </span>
     <span class='ocr_line' id='line_1_13' title="bbox 303 1824 1565 1908; baseline 0 -22"><span class='ocrx_word' id='word_1_107' title='bbox 303 1826 426 1888; x_wconf 89' lang='lat' dir='ltr'>arboris</span> <span class='ocrx_word' id='word_1_108' title='bbox 450 1826 510 1908; x_wconf 91' lang='lat' dir='ltr'>piri</span> <span class='ocrx_word' id='word_1_109' title='bbox 537 1825 635 1906; x_wconf 90' lang='lat' dir='ltr'>vulgo</span> <span class='ocrx_word' id='word_1_110' title='bbox 661 1825 800 1886; x_wconf 84' lang='lat' dir='ltr'>maharia</span> <span class='ocrx_word' id='word_1_111' title='bbox 835 1825 922 1904; x_wconf 91' lang='lat' dir='ltr'>dicti,</span> <span class='ocrx_word' id='word_1_112' title='bbox 955 1839 1086 1907; x_wconf 89' lang='lat' dir='ltr'>aparte</span> <span class='ocrx_word' id='word_1_113' title='bbox 1119 1825 1322 1905; x_wconf 88' lang='lat' dir='ltr'>occidentali,</span> <span class='ocrx_word' id='word_1_114' title='bbox 1348 1839 1379 1888; x_wconf 91' lang='lat' dir='ltr'>et</span> <span class='ocrx_word' id='word_1_115' title='bbox 1403 1824 1483 1886; x_wconf 87' lang='lat' dir='ltr'>infra</span> <span class='ocrx_word' id='word_1_116' title='bbox 1510 1845 1565 1908; x_wconf 87' lang='lat' dir='ltr'>per</span> 
     </span>
     <span class='ocr_line' id='line_1_14' title="bbox 304 1929 1567 2014; baseline -0.001 -22"><span class='ocrx_word' id='word_1_117' title='bbox 304 1932 439 1994; x_wconf 88' lang='lat' dir='ltr'>eandem</span> <span class='ocrx_word' id='word_1_118' title='bbox 464 1932 610 1993; x_wconf 87' lang='lat' dir='ltr'>semitam</span> <span class='ocrx_word' id='word_1_119' title='bbox 636 1951 734 2013; x_wconf 85' lang='lat' dir='ltr'>penes</span> <span class='ocrx_word' id='word_1_120' title='bbox 757 1932 906 1994; x_wconf 89' lang='lat' dir='ltr'>similiter</span> <span class='ocrx_word' id='word_1_121' title='bbox 930 1933 1118 2014; x_wconf 88' lang='lat' dir='ltr'>porcionem</span> <span class='ocrx_word' id='word_1_122' title='bbox 1152 1932 1310 1993; x_wconf 84' lang='lat' dir='ltr'>vinealem</span> <span class='ocrx_word' id='word_1_123' title='bbox 1338 1931 1485 2012; x_wconf 88' lang='lat' dir='ltr'>Gregorii</span> <span class='ocrx_word' id='word_1_124' title='bbox 1511 1929 1567 1992; x_wconf 87' lang='lat' dir='ltr'>lilii</span> 
     </span>
     <span class='ocr_line' id='line_1_15' title="bbox 303 2035 1566 2119; baseline -0.001 -22"><span class='ocrx_word' id='word_1_125' title='bbox 303 2037 440 2098; x_wconf 91' lang='lat' dir='ltr'>condam</span> <span class='ocrx_word' id='word_1_126' title='bbox 467 2036 616 2118; x_wconf 83' lang='lat' dir='ltr'>Gregorii</span> <span class='ocrx_word' id='word_1_127' title='bbox 640 2035 745 2099; x_wconf 89' lang='lat' dir='ltr'>lratris</span> <span class='ocrx_word' id='word_1_128' title='bbox 769 2037 904 2119; x_wconf 89' lang='lat' dir='ltr'>junioris</span> <span class='ocrx_word' id='word_1_129' title='bbox 937 2037 1036 2118; x_wconf 88' lang='lat' dir='ltr'>ipsius</span> <span class='ocrx_word' id='word_1_130' title='bbox 1068 2038 1206 2099; x_wconf 88' lang='lat' dir='ltr'>condam</span> <span class='ocrx_word' id='word_1_131' title='bbox 1240 2036 1367 2098; x_wconf 81' lang='lat' dir='ltr'>Andree</span> <span class='ocrx_word' id='word_1_132' title='bbox 1399 2035 1566 2116; x_wconf 87' lang='lat' dir='ltr'>judicis,a</span> 
     </span>
     <span class='ocr_line' id='line_1_16' title="bbox 303 2143 1565 2226; baseline -0.002 -21"><span class='ocrx_word' id='word_1_133' title='bbox 303 2159 393 2226; x_wconf 88' lang='lat' dir='ltr'>parte</span> <span class='ocrx_word' id='word_1_134' title='bbox 416 2144 669 2226; x_wconf 87' lang='lat' dir='ltr'>septemtrionali</span> <span class='ocrx_word' id='word_1_135' title='bbox 696 2143 849 2222; x_wconf 89' lang='lat' dir='ltr'>habitam,</span> <span class='ocrx_word' id='word_1_136' title='bbox 882 2163 944 2204; x_wconf 87' lang='lat' dir='ltr'>una</span> <span class='ocrx_word' id='word_1_137' title='bbox 977 2163 1049 2206; x_wconf 90' lang='lat' dir='ltr'>cum</span> <span class='ocrx_word' id='word_1_138' title='bbox 1082 2144 1235 2226; x_wconf 90' lang='lat' dir='ltr'>porcione</span> <span class='ocrx_word' id='word_1_139' title='bbox 1267 2143 1345 2204; x_wconf 89' lang='lat' dir='ltr'>silve</span> <span class='ocrx_word' id='word_1_140' title='bbox 1369 2145 1428 2204; x_wconf 89' lang='lat' dir='ltr'>sub</span> <span class='ocrx_word' id='word_1_141' title='bbox 1453 2143 1565 2204; x_wconf 86' lang='lat' dir='ltr'>eadem</span> 
     </span>
     <span class='ocr_line' id='line_1_17' title="bbox 303 2250 1566 2333; baseline -0.002 -21"><span class='ocrx_word' id='word_1_142' title='bbox 303 2251 456 2333; x_wconf 86' lang='lat' dir='ltr'>porcione</span> <span class='ocrx_word' id='word_1_143' title='bbox 480 2251 598 2313; x_wconf 87' lang='lat' dir='ltr'>vineali</span> <span class='ocrx_word' id='word_1_144' title='bbox 624 2251 730 2312; x_wconf 92' lang='lat' dir='ltr'>habite</span> <span class='ocrx_word' id='word_1_145' title='bbox 756 2265 787 2312; x_wconf 89' lang='lat' dir='ltr'>et</span> <span class='ocrx_word' id='word_1_146' title='bbox 813 2270 915 2332; x_wconf 87' lang='lat' dir='ltr'>usque</span> <span class='ocrx_word' id='word_1_147' title='bbox 941 2251 1081 2312; x_wconf 90' lang='lat' dir='ltr'>rivulum</span> <span class='ocrx_word' id='word_1_148' title='bbox 1106 2271 1139 2313; x_wconf 88' lang='lat' dir='ltr'>se</span> <span class='ocrx_word' id='word_1_149' title='bbox 1171 2250 1402 2333; x_wconf 83' lang='lat' dir='ltr'>protendentis,</span> <span class='ocrx_word' id='word_1_150' title='bbox 1428 2263 1459 2311; x_wconf 92' lang='lat' dir='ltr'>et</span> <span class='ocrx_word' id='word_1_151' title='bbox 1483 2250 1566 2310; x_wconf 92' lang='lat' dir='ltr'>inter</span> 
     </span>
     <span class='ocr_line' id='line_1_18' title="bbox 303 2356 1567 2440; baseline -0.002 -21"><span class='ocrx_word' id='word_1_152' title='bbox 303 2359 433 2420; x_wconf 88' lang='lat' dir='ltr'>vineam</span> <span class='ocrx_word' id='word_1_153' title='bbox 458 2359 584 2440; x_wconf 92' lang='lat' dir='ltr'>providi</span> <span class='ocrx_word' id='word_1_154' title='bbox 609 2357 668 2419; x_wconf 92' lang='lat' dir='ltr'>viri</span> <span class='ocrx_word' id='word_1_155' title='bbox 695 2357 813 2419; x_wconf 88' lang='lat' dir='ltr'>Mathie</span> <span class='ocrx_word' id='word_1_156' title='bbox 845 2358 993 2436; x_wconf 90' lang='lat' dir='ltr'>sartoris,</span> <span class='ocrx_word' id='word_1_157' title='bbox 1025 2357 1160 2418; x_wconf 89' lang='lat' dir='ltr'>senioris</span> <span class='ocrx_word' id='word_1_158' title='bbox 1191 2356 1297 2436; x_wconf 79' lang='lat' dir='ltr'>iurati,</span> <span class='ocrx_word' id='word_1_159' title='bbox 1328 2357 1437 2438; x_wconf 86' lang='lat' dir='ltr'>generi</span> <span class='ocrx_word' id='word_1_160' title='bbox 1469 2356 1567 2438; x_wconf 91' lang='lat' dir='ltr'>ipsius</span> 
     </span>
     <span class='ocr_line' id='line_1_19' title="bbox 305 2462 1566 2548; baseline -0.002 -22"><span class='ocrx_word' id='word_1_161' title='bbox 305 2466 442 2527; x_wconf 89' lang='lat' dir='ltr'>condam</span> <span class='ocrx_word' id='word_1_162' title='bbox 469 2466 620 2548; x_wconf 91' lang='lat' dir='ltr'>Symonis</span> <span class='ocrx_word' id='word_1_163' title='bbox 645 2479 675 2526; x_wconf 93' lang='lat' dir='ltr'>et</span> <span class='ocrx_word' id='word_1_164' title='bbox 700 2464 863 2526; x_wconf 85' lang='lat' dir='ltr'>Dorothee</span> <span class='ocrx_word' id='word_1_165' title='bbox 896 2484 950 2524; x_wconf 90' lang='lat' dir='ltr'>sue</span> <span class='ocrx_word' id='word_1_166' title='bbox 976 2464 1132 2526; x_wconf 90' lang='lat' dir='ltr'>consortis</span> <span class='ocrx_word' id='word_1_167' title='bbox 1153 2462 1217 2524; x_wconf 90' lang='lat' dir='ltr'>filie</span> <span class='ocrx_word' id='word_1_168' title='bbox 1250 2463 1350 2546; x_wconf 89' lang='lat' dir='ltr'>ipsius</span> <span class='ocrx_word' id='word_1_169' title='bbox 1375 2463 1526 2546; x_wconf 89' lang='lat' dir='ltr'>Symonis</span> <span class='ocrx_word' id='word_1_170' title='bbox 1549 2483 1566 2524; x_wconf 89' lang='lat' dir='ltr'>a</span> 
     </span>
     <span class='ocr_line' id='line_1_20' title="bbox 304 2568 1567 2653; baseline -0.002 -21"><span class='ocrx_word' id='word_1_171' title='bbox 304 2571 485 2633; x_wconf 89' lang='lat' dir='ltr'>meridione</span> <span class='ocrx_word' id='word_1_172' title='bbox 509 2591 542 2632; x_wconf 91' lang='lat' dir='ltr'>se</span> <span class='ocrx_word' id='word_1_173' title='bbox 567 2571 813 2653; x_wconf 87' lang='lat' dir='ltr'>protendentem</span> <span class='ocrx_word' id='word_1_174' title='bbox 839 2583 870 2632; x_wconf 91' lang='lat' dir='ltr'>et</span> <span class='ocrx_word' id='word_1_175' title='bbox 891 2569 1044 2632; x_wconf 89' lang='lat' dir='ltr'>habitam.</span> <span class='ocrx_word' id='word_1_176' title='bbox 1070 2605 1110 2616; x_wconf 90' lang='lat'>-</span> <span class='ocrx_word' id='word_1_177' title='bbox 1137 2569 1213 2630; x_wconf 90' lang='lat' dir='ltr'>ltem</span> <span class='ocrx_word' id='word_1_178' title='bbox 1232 2568 1436 2630; x_wconf 87' lang='lat' dir='ltr'>medietatem</span> <span class='ocrx_word' id='word_1_179' title='bbox 1462 2569 1567 2630; x_wconf 91' lang='lat' dir='ltr'>cuius·</span> 
     </span>
     <span class='ocr_line' id='line_1_21' title="bbox 303 2675 1565 2759; baseline 0 -21"><span class='ocrx_word' id='word_1_180' title='bbox 303 2677 379 2739; x_wconf 89' lang='lat' dir='ltr'>dam</span> <span class='ocrx_word' id='word_1_181' title='bbox 404 2691 486 2740; x_wconf 90' lang='lat' dir='ltr'>terre</span> <span class='ocrx_word' id='word_1_182' title='bbox 510 2697 565 2740; x_wconf 93' lang='lat' dir='ltr'>sue</span> <span class='ocrx_word' id='word_1_183' title='bbox 594 2677 725 2739; x_wconf 86' lang='lat' dir='ltr'>arabilis</span> <span class='ocrx_word' id='word_1_184' title='bbox 758 2696 856 2759; x_wconf 87' lang='lat' dir='ltr'>penes</span> <span class='ocrx_word' id='word_1_185' title='bbox 888 2676 1023 2738; x_wconf 89' lang='lat' dir='ltr'>fluvium</span> <span class='ocrx_word' id='word_1_186' title='bbox 1057 2675 1236 2759; x_wconf 90' lang='lat' dir='ltr'>Popowdol</span> <span class='ocrx_word' id='word_1_187' title='bbox 1269 2676 1409 2738; x_wconf 90' lang='lat' dir='ltr'>habitam</span> <span class='ocrx_word' id='word_1_188' title='bbox 1435 2695 1451 2737; x_wconf 89' lang='lat' dir='ltr'>a</span> <span class='ocrx_word' id='word_1_189' title='bbox 1477 2690 1565 2758; x_wconf 85' lang='lat' dir='ltr'>parte</span> 
     </span>
     <span class='ocr_line' id='line_1_22' title="bbox 302 2781 1566 2869; baseline -0.002 -24"><span class='ocrx_word' id='word_1_190' title='bbox 302 2785 451 2846; x_wconf 90' lang='lat' dir='ltr'>orientali</span> <span class='ocrx_word' id='word_1_191' title='bbox 477 2797 507 2846; x_wconf 92' lang='lat' dir='ltr'>et</span> <span class='ocrx_word' id='word_1_192' title='bbox 531 2804 631 2869; x_wconf 88' lang='lat' dir='ltr'>penes</span> <span class='ocrx_word' id='word_1_193' title='bbox 655 2784 750 2846; x_wconf 86' lang='lat' dir='ltr'>aliam</span> <span class='ocrx_word' id='word_1_194' title='bbox 769 2783 956 2866; x_wconf 87' lang='lat' dir='ltr'>porcionem</span> <span class='ocrx_word' id='word_1_195' title='bbox 979 2783 1121 2845; x_wconf 88' lang='lat' dir='ltr'>eiusdem</span> <span class='ocrx_word' id='word_1_196' title='bbox 1140 2797 1221 2844; x_wconf 91' lang='lat' dir='ltr'>terre</span> <span class='ocrx_word' id='word_1_197' title='bbox 1246 2782 1390 2844; x_wconf 87' lang='lat' dir='ltr'>eiusdem</span> <span class='ocrx_word' id='word_1_198' title='bbox 1417 2781 1566 2864; x_wconf 91' lang='lat' dir='ltr'>Gregorii</span> 
     </span>
     <span class='ocr_line' id='line_1_23' title="bbox 303 2889 1564 2971; baseline -0.003 -19"><span class='ocrx_word' id='word_1_199' title='bbox 303 2889 361 2952; x_wconf 87' lang='lat' dir='ltr'>lilii</span> <span class='ocrx_word' id='word_1_200' title='bbox 389 2890 539 2971; x_wconf 90' lang='lat' dir='ltr'>Gregorii</span> <span class='ocrx_word' id='word_1_201' title='bbox 564 2890 718 2954; x_wconf 86' lang='lat' dir='ltr'>habitam.</span> <span class='ocrx_word' id='word_1_202' title='bbox 744 2925 784 2936; x_wconf 93' lang='lat'>-</span> <span class='ocrx_word' id='word_1_203' title='bbox 810 2890 885 2951; x_wconf 91' lang='lat' dir='ltr'>ltem</span> <span class='ocrx_word' id='word_1_204' title='bbox 912 2889 1076 2971; x_wconf 89' lang='lat' dir='ltr'>quoddam</span> <span class='ocrx_word' id='word_1_205' title='bbox 1096 2889 1193 2952; x_wconf 91' lang='lat' dir='ltr'>lenile</span> <span class='ocrx_word' id='word_1_206' title='bbox 1214 2909 1307 2950; x_wconf 90' lang='lat' dir='ltr'>suum</span> <span class='ocrx_word' id='word_1_207' title='bbox 1333 2889 1364 2950; x_wconf 91' lang='lat' dir='ltr'>in</span> <span class='ocrx_word' id='word_1_208' title='bbox 1390 2908 1504 2971; x_wconf 91' lang='lat' dir='ltr'>campo</span> <span class='ocrx_word' id='word_1_209' title='bbox 1533 2903 1564 2948; x_wconf 89' lang='lat' dir='ltr'>et</span> 
     </span>
     <span class='ocr_line' id='line_1_24' title="bbox 301 2994 1563 3074; baseline -0.001 -17"><span class='ocrx_word' id='word_1_210' title='bbox 301 2997 463 3058; x_wconf 91' lang='lat' dir='ltr'>territorio</span> <span class='ocrx_word' id='word_1_211' title='bbox 480 2997 564 3059; x_wconf 90' lang='lat' dir='ltr'>dicte</span> <span class='ocrx_word' id='word_1_212' title='bbox 581 2997 716 3058; x_wconf 87' lang='lat' dir='ltr'>civitatis</span> <span class='ocrx_word' id='word_1_213' title='bbox 741 3010 771 3057; x_wconf 91' lang='lat' dir='ltr'>et</span> <span class='ocrx_word' id='word_1_214' title='bbox 796 3015 893 3074; x_wconf 89' lang='lat' dir='ltr'>penes</span> <span class='ocrx_word' id='word_1_215' title='bbox 917 2994 1013 3056; x_wconf 90' lang='lat' dir='ltr'>lenile</span> <span class='ocrx_word' id='word_1_216' title='bbox 1028 2995 1155 3057; x_wconf 90' lang='lat' dir='ltr'>Thome</span> <span class='ocrx_word' id='word_1_217' title='bbox 1173 2997 1301 3058; x_wconf 87' lang='lat' dir='ltr'>sartoris</span> <span class='ocrx_word' id='word_1_218' title='bbox 1320 2994 1462 3057; x_wconf 89' lang='lat' dir='ltr'>Bradach</span> <span class='ocrx_word' id='word_1_219' title='bbox 1487 2995 1563 3057; x_wconf 93' lang='lat' dir='ltr'>dicti</span> 
     </span>
     <span class='ocr_line' id='line_1_25' title="bbox 304 3101 1563 3184; baseline -0.001 -22"><span class='ocrx_word' id='word_1_220' title='bbox 304 3102 486 3181; x_wconf 90' lang='lat' dir='ltr'>habitum,a</span> <span class='ocrx_word' id='word_1_221' title='bbox 502 3103 639 3164; x_wconf 87' lang='lat' dir='ltr'>condam</span> <span class='ocrx_word' id='word_1_222' title='bbox 651 3103 787 3163; x_wconf 89' lang='lat' dir='ltr'>Nicolao</span> <span class='ocrx_word' id='word_1_223' title='bbox 804 3116 924 3163; x_wconf 88' lang='lat' dir='ltr'>sartore</span> <span class='ocrx_word' id='word_1_224' title='bbox 943 3115 1097 3184; x_wconf 91' lang='lat' dir='ltr'>emptum.</span> <span class='ocrx_word' id='word_1_225' title='bbox 1112 3137 1155 3146; x_wconf 89' lang='lat'>—</span> <span class='ocrx_word' id='word_1_226' title='bbox 1166 3101 1243 3164; x_wconf 90' lang='lat' dir='ltr'>ltem</span> <span class='ocrx_word' id='word_1_227' title='bbox 1255 3101 1384 3184; x_wconf 88' lang='lat' dir='ltr'>insuper</span> <span class='ocrx_word' id='word_1_228' title='bbox 1401 3101 1563 3184; x_wconf 87' lang='lat' dir='ltr'>quandam</span> 
     </span>
     <span class='ocr_line' id='line_1_26' title="bbox 305 3207 1565 3290; baseline -0.002 -21"><span class='ocrx_word' id='word_1_229' title='bbox 305 3207 458 3270; x_wconf 86' lang='lat' dir='ltr'>directam</span> <span class='ocrx_word' id='word_1_230' title='bbox 473 3208 677 3270; x_wconf 88' lang='lat' dir='ltr'>medietatem</span> <span class='ocrx_word' id='word_1_231' title='bbox 693 3209 858 3271; x_wconf 89' lang='lat' dir='ltr'>cuiusdam</span> <span class='ocrx_word' id='word_1_232' title='bbox 873 3208 963 3287; x_wconf 87' lang='lat' dir='ltr'>silve,</span> <span class='ocrx_word' id='word_1_233' title='bbox 982 3208 1168 3290; x_wconf 88' lang='lat' dir='ltr'>porcionem</span> <span class='ocrx_word' id='word_1_234' title='bbox 1186 3207 1336 3270; x_wconf 91' lang='lat' dir='ltr'>videlicet</span> <span class='ocrx_word' id='word_1_235' title='bbox 1348 3227 1449 3286; x_wconf 90' lang='lat' dir='ltr'>suam,</span> <span class='ocrx_word' id='word_1_236' title='bbox 1468 3227 1565 3289; x_wconf 89' lang='lat' dir='ltr'>penes</span> 
     </span>
     <span class='ocr_line' id='line_1_27' title="bbox 304 3315 1564 3397; baseline -0.002 -21"><span class='ocrx_word' id='word_1_237' title='bbox 304 3315 419 3376; x_wconf 89' lang='lat' dir='ltr'>silvam</span> <span class='ocrx_word' id='word_1_238' title='bbox 443 3315 540 3377; x_wconf 88' lang='lat' dir='ltr'>Blasii</span> <span class='ocrx_word' id='word_1_239' title='bbox 566 3315 730 3394; x_wconf 85' lang='lat' dir='ltr'>institoris,</span> <span class='ocrx_word' id='word_1_240' title='bbox 763 3315 898 3377; x_wconf 88' lang='lat' dir='ltr'>senioris</span> <span class='ocrx_word' id='word_1_241' title='bbox 930 3315 1023 3397; x_wconf 83' lang='lat' dir='ltr'>jurati</span> <span class='ocrx_word' id='word_1_242' title='bbox 1056 3329 1087 3378; x_wconf 89' lang='lat' dir='ltr'>et</span> <span class='ocrx_word' id='word_1_243' title='bbox 1115 3315 1255 3376; x_wconf 87' lang='lat' dir='ltr'>concivis</span> <span class='ocrx_word' id='word_1_244' title='bbox 1289 3315 1399 3392; x_wconf 90' lang='lat' dir='ltr'>nostri,</span> <span class='ocrx_word' id='word_1_245' title='bbox 1432 3315 1564 3397; x_wconf 90' lang='lat' dir='ltr'>Mantyn</span> 
     </span>
     <span class='ocr_line' id='line_1_28' title="bbox 304 3419 1565 3502; baseline -0.002 -20"><span class='ocrx_word' id='word_1_246' title='bbox 304 3421 393 3499; x_wconf 91' lang='lat' dir='ltr'>dicti,</span> <span class='ocrx_word' id='word_1_247' title='bbox 417 3435 448 3484; x_wconf 94' lang='lat' dir='ltr'>et</span> <span class='ocrx_word' id='word_1_248' title='bbox 472 3422 553 3482; x_wconf 93' lang='lat' dir='ltr'>inter</span> <span class='ocrx_word' id='word_1_249' title='bbox 584 3421 680 3482; x_wconf 89' lang='lat' dir='ltr'>aliam</span> <span class='ocrx_word' id='word_1_250' title='bbox 714 3420 919 3482; x_wconf 89' lang='lat' dir='ltr'>medietatem</span> <span class='ocrx_word' id='word_1_251' title='bbox 953 3421 1035 3482; x_wconf 91' lang='lat' dir='ltr'>dicte</span> <span class='ocrx_word' id='word_1_252' title='bbox 1068 3421 1165 3500; x_wconf 90' lang='lat' dir='ltr'>silve,</span> <span class='ocrx_word' id='word_1_253' title='bbox 1198 3421 1348 3482; x_wconf 87' lang='lat' dir='ltr'>videlicet</span> <span class='ocrx_word' id='word_1_254' title='bbox 1379 3419 1565 3502; x_wconf 91' lang='lat' dir='ltr'>porcionem</span> 
     </span>
     <span class='ocr_line' id='line_1_29' title="bbox 304 3525 1565 3609; baseline -0.002 -21"><span class='ocrx_word' id='word_1_255' title='bbox 304 3526 455 3608; x_wconf 89' lang='lat' dir='ltr'>Gregorii</span> <span class='ocrx_word' id='word_1_256' title='bbox 480 3525 537 3588; x_wconf 88' lang='lat' dir='ltr'>filii</span> <span class='ocrx_word' id='word_1_257' title='bbox 563 3526 712 3608; x_wconf 91' lang='lat' dir='ltr'>Gregorii</span> <span class='ocrx_word' id='word_1_258' title='bbox 738 3525 843 3589; x_wconf 85' lang='lat' dir='ltr'>fratris</span> <span class='ocrx_word' id='word_1_259' title='bbox 860 3527 958 3609; x_wconf 87' lang='lat' dir='ltr'>ipsius</span> <span class='ocrx_word' id='word_1_260' title='bbox 982 3527 1119 3588; x_wconf 88' lang='lat' dir='ltr'>condam</span> <span class='ocrx_word' id='word_1_261' title='bbox 1138 3525 1265 3588; x_wconf 87' lang='lat' dir='ltr'>Andree</span> <span class='ocrx_word' id='word_1_262' title='bbox 1282 3526 1397 3608; x_wconf 86' lang='lat' dir='ltr'>judicis</span> <span class='ocrx_word' id='word_1_263' title='bbox 1421 3525 1565 3606; x_wconf 91' lang='lat' dir='ltr'>junioris.</span> 
     </span>
     <span class='ocr_line' id='line_1_30' title="bbox 303 3631 1563 3716; baseline -0.002 -22"><span class='ocrx_word' id='word_1_264' title='bbox 303 3667 344 3678; x_wconf 91' lang='lat'><em>-</em></span> <span class='ocrx_word' id='word_1_265' title='bbox 371 3632 447 3694; x_wconf 91' lang='lat' dir='ltr'>ltem</span> <span class='ocrx_word' id='word_1_266' title='bbox 462 3633 614 3694; x_wconf 91' lang='lat' dir='ltr'>directam</span> <span class='ocrx_word' id='word_1_267' title='bbox 640 3645 670 3694; x_wconf 91' lang='lat' dir='ltr'>et</span> <span class='ocrx_word' id='word_1_268' title='bbox 694 3633 842 3715; x_wconf 90' lang='lat' dir='ltr'>equalem</span> <span class='ocrx_word' id='word_1_269' title='bbox 868 3633 999 3694; x_wconf 87' lang='lat' dir='ltr'>terciam</span> <span class='ocrx_word' id='word_1_270' title='bbox 1023 3646 1146 3716; x_wconf 90' lang='lat' dir='ltr'>partem</span> <span class='ocrx_word' id='word_1_271' title='bbox 1171 3633 1336 3695; x_wconf 89' lang='lat' dir='ltr'>cuiusdam</span> <span class='ocrx_word' id='word_1_272' title='bbox 1361 3631 1478 3694; x_wconf 87' lang='lat' dir='ltr'>stabuli</span> <span class='ocrx_word' id='word_1_273' title='bbox 1503 3632 1563 3710; x_wconf 92' lang='lat' dir='ltr'>sui,</span> 
     </span>
     <span class='ocr_line' id='line_1_31' title="bbox 302 3739 1563 3822; baseline -0.001 -22"><span class='ocrx_word' id='word_1_274' title='bbox 302 3759 340 3800; x_wconf 88' lang='lat' dir='ltr'>ac</span> <span class='ocrx_word' id='word_1_275' title='bbox 370 3740 453 3801; x_wconf 90' lang='lat' dir='ltr'>orrei</span> <span class='ocrx_word' id='word_1_276' title='bbox 484 3759 541 3800; x_wconf 87' lang='lat' dir='ltr'>seu</span> <span class='ocrx_word' id='word_1_277' title='bbox 571 3739 683 3801; x_wconf 90' lang='lat' dir='ltr'>allodii</span> <span class='ocrx_word' id='word_1_278' title='bbox 715 3741 763 3800; x_wconf 93' lang='lat' dir='ltr'>sui</span> <span class='ocrx_word' id='word_1_279' title='bbox 800 3759 872 3801; x_wconf 92' lang='lat' dir='ltr'>cum</span> <span class='ocrx_word' id='word_1_280' title='bbox 905 3740 1058 3822; x_wconf 88' lang='lat' dir='ltr'>porcione</span> <span class='ocrx_word' id='word_1_281' title='bbox 1089 3753 1170 3801; x_wconf 90' lang='lat' dir='ltr'>terre</span> <span class='ocrx_word' id='word_1_282' title='bbox 1195 3741 1226 3801; x_wconf 93' lang='lat' dir='ltr'>in</span> <span class='ocrx_word' id='word_1_283' title='bbox 1260 3739 1394 3802; x_wconf 92' lang='lat' dir='ltr'>circuitu</span> <span class='ocrx_word' id='word_1_284' title='bbox 1419 3739 1563 3800; x_wconf 86' lang='lat' dir='ltr'>eiusdem</span> 
     </span>
     <span class='ocr_line' id='line_1_32' title="bbox 300 3845 1564 3929; baseline -0.002 -22"><span class='ocrx_word' id='word_1_285' title='bbox 300 3846 418 3907; x_wconf 90' lang='lat' dir='ltr'>stabuli</span> <span class='ocrx_word' id='word_1_286' title='bbox 442 3846 583 3908; x_wconf 88' lang='lat' dir='ltr'>habitam</span> <span class='ocrx_word' id='word_1_287' title='bbox 611 3847 642 3907; x_wconf 94' lang='lat' dir='ltr'>in</span> <span class='ocrx_word' id='word_1_288' title='bbox 667 3846 749 3907; x_wconf 87' lang='lat' dir='ltr'>valle</span> <span class='ocrx_word' id='word_1_289' title='bbox 775 3845 976 3929; x_wconf 79' lang='lat' dir='ltr'>lllychlcydol</span> <span class='ocrx_word' id='word_1_290' title='bbox 1002 3860 1126 3925; x_wconf 86' lang='lat' dir='ltr'>vocat0,</span> <span class='ocrx_word' id='word_1_291' title='bbox 1151 3847 1271 3908; x_wconf 91' lang='lat' dir='ltr'>eisdem</span> <span class='ocrx_word' id='word_1_292' title='bbox 1298 3845 1418 3908; x_wconf 87' lang='lat' dir='ltr'>Mathie</span> <span class='ocrx_word' id='word_1_293' title='bbox 1442 3863 1564 3927; x_wconf 90' lang='lat' dir='ltr'>genero</span> 
     </span>
     <span class='ocr_line' id='line_1_33' title="bbox 301 3951 1566 4033; baseline -0.001 -21"><span class='ocrx_word' id='word_1_294' title='bbox 301 3965 333 4013; x_wconf 96' lang='lat' dir='ltr'>et</span> <span class='ocrx_word' id='word_1_295' title='bbox 357 3951 519 4014; x_wconf 89' lang='lat' dir='ltr'>Dorothee</span> <span class='ocrx_word' id='word_1_296' title='bbox 544 3951 608 4014; x_wconf 90' lang='lat' dir='ltr'>filie</span> <span class='ocrx_word' id='word_1_297' title='bbox 633 3951 698 4014; x_wconf 90' lang='lat' dir='ltr'>suis</span> <span class='ocrx_word' id='word_1_298' title='bbox 722 3964 753 4012; x_wconf 93' lang='lat' dir='ltr'>et</span> <span class='ocrx_word' id='word_1_299' title='bbox 777 3951 920 4033; x_wconf 91' lang='lat' dir='ltr'>ipsorum</span> <span class='ocrx_word' id='word_1_300' title='bbox 945 3952 1118 4014; x_wconf 90' lang='lat' dir='ltr'>heredibus</span> <span class='ocrx_word' id='word_1_301' title='bbox 1141 3953 1405 4014; x_wconf 89' lang='lat' dir='ltr'>testamentaliter</span> <span class='ocrx_word' id='word_1_302' title='bbox 1429 3952 1566 4033; x_wconf 85' lang='lat' dir='ltr'>legasset</span> 
     </span>
     <span class='ocr_line' id='line_1_34' title="bbox 302 4057 1564 4141; baseline 0 -23"><span class='ocrx_word' id='word_1_303' title='bbox 302 4071 334 4120; x_wconf 91' lang='lat' dir='ltr'>et</span> <span class='ocrx_word' id='word_1_304' title='bbox 358 4057 548 4134; x_wconf 81' lang='lat' dir='ltr'>dimisisset3</span> <span class='ocrx_word' id='word_1_305' title='bbox 565 4058 684 4139; x_wconf 92' lang='lat' dir='ltr'>quibus</span> <span class='ocrx_word' id='word_1_306' title='bbox 709 4058 781 4118; x_wconf 88' lang='lat' dir='ltr'>data</span> <span class='ocrx_word' id='word_1_307' title='bbox 799 4071 845 4119; x_wconf 92' lang='lat' dir='ltr'>est</span> <span class='ocrx_word' id='word_1_308' title='bbox 862 4057 951 4120; x_wconf 92' lang='lat' dir='ltr'>litera</span> <span class='ocrx_word' id='word_1_309' title='bbox 970 4071 1077 4118; x_wconf 89' lang='lat' dir='ltr'>nostra</span> <span class='ocrx_word' id='word_1_310' title='bbox 1094 4057 1303 4141; x_wconf 90' lang='lat' dir='ltr'>privilegialis</span> <span class='ocrx_word' id='word_1_311' title='bbox 1320 4059 1404 4120; x_wconf 92' lang='lat' dir='ltr'>dicte</span> <span class='ocrx_word' id='word_1_312' title='bbox 1419 4057 1564 4120; x_wconf 86' lang='lat' dir='ltr'>civitatis.</span> 
     </span>
    </p>

    <p class='ocr_par' dir='ltr' id='par_1_5' title="bbox 298 4163 1566 5095">
     <span class='ocr_line' id='line_1_35' title="bbox 410 4163 1566 4246; baseline 0 -23"><span class='ocrx_word' id='word_1_313' title='bbox 410 4163 487 4224; x_wconf 89' lang='lat' dir='ltr'>ltem</span> <span class='ocrx_word' id='word_1_314' title='bbox 513 4164 588 4244; x_wconf 89' lang='lat' dir='ltr'>quia</span> <span class='ocrx_word' id='word_1_315' title='bbox 614 4163 748 4246; x_wconf 85' lang='lat' dir='ltr'>provida</span> <span class='ocrx_word' id='word_1_316' title='bbox 767 4163 883 4226; x_wconf 89' lang='lat' dir='ltr'>mulier</span> <span class='ocrx_word' id='word_1_317' title='bbox 907 4167 1016 4244; x_wconf 90' lang='lat' dir='ltr'>Agnes</span> <span class='ocrx_word' id='word_1_318' title='bbox 1032 4177 1145 4224; x_wconf 81' lang='lat' dir='ltr'>vocata</span> <span class='ocrx_word' id='word_1_319' title='bbox 1162 4163 1254 4225; x_wconf 88' lang='lat' dir='ltr'>aliter</span> <span class='ocrx_word' id='word_1_320' title='bbox 1270 4163 1353 4224; x_wconf 83' lang='lat' dir='ltr'>Nesa</span> <span class='ocrx_word' id='word_1_321' title='bbox 1378 4163 1473 4241; x_wconf 88' lang='lat' dir='ltr'>dicta,</span> <span class='ocrx_word' id='word_1_322' title='bbox 1490 4181 1566 4224; x_wconf 93' lang='lat' dir='ltr'>con-</span> 
     </span>
     <span class='ocr_line' id='line_1_36' title="bbox 301 4267 1566 4352; baseline 0.002 -24"><span class='ocrx_word' id='word_1_323' title='bbox 301 4269 382 4330; x_wconf 87' lang='lat' dir='ltr'>civis</span> <span class='ocrx_word' id='word_1_324' title='bbox 407 4283 524 4347; x_wconf 86' lang='lat' dir='ltr'>nostra,</span> <span class='ocrx_word' id='word_1_325' title='bbox 549 4267 614 4330; x_wconf 86' lang='lat' dir='ltr'>filia</span> <span class='ocrx_word' id='word_1_326' title='bbox 648 4269 786 4330; x_wconf 88' lang='lat' dir='ltr'>condam</span> <span class='ocrx_word' id='word_1_327' title='bbox 813 4269 951 4331; x_wconf 88' lang='lat' dir='ltr'>Emerici</span> <span class='ocrx_word' id='word_1_328' title='bbox 984 4269 1023 4329; x_wconf 91' lang='lat' dir='ltr'>de</span> <span class='ocrx_word' id='word_1_329' title='bbox 1049 4269 1198 4348; x_wconf 85' lang='lat' dir='ltr'>lwanich,</span> <span class='ocrx_word' id='word_1_330' title='bbox 1230 4270 1413 4352; x_wconf 89' lang='lat' dir='ltr'>propinavit</span> <span class='ocrx_word' id='word_1_331' title='bbox 1437 4283 1468 4331; x_wconf 89' lang='lat' dir='ltr'>et</span> <span class='ocrx_word' id='word_1_332' title='bbox 1491 4289 1566 4331; x_wconf 92' lang='lat' dir='ltr'>con-</span> 
     </span>
     <span class='ocr_line' id='line_1_37' title="bbox 299 4372 1564 4457; baseline 0.002 -23"><span class='ocrx_word' id='word_1_333' title='bbox 299 4373 375 4434; x_wconf 90' lang='lat' dir='ltr'>tulit</span> <span class='ocrx_word' id='word_1_334' title='bbox 398 4372 533 4434; x_wconf 89' lang='lat' dir='ltr'>domum</span> <span class='ocrx_word' id='word_1_335' title='bbox 557 4393 648 4436; x_wconf 91' lang='lat' dir='ltr'>suam</span> <span class='ocrx_word' id='word_1_336' title='bbox 673 4374 769 4435; x_wconf 89' lang='lat' dir='ltr'>simul</span> <span class='ocrx_word' id='word_1_337' title='bbox 794 4394 867 4436; x_wconf 93' lang='lat' dir='ltr'>cum</span> <span class='ocrx_word' id='word_1_338' title='bbox 892 4373 994 4436; x_wconf 92' lang='lat' dir='ltr'>lundo</span> <span class='ocrx_word' id='word_1_339' title='bbox 1019 4387 1050 4436; x_wconf 93' lang='lat' dir='ltr'>et</span> <span class='ocrx_word' id='word_1_340' title='bbox 1074 4375 1192 4437; x_wconf 85' lang='lat' dir='ltr'>celario</span> <span class='ocrx_word' id='word_1_341' title='bbox 1217 4376 1425 4437; x_wconf 89' lang='lat' dir='ltr'>subterraneo</span> <span class='ocrx_word' id='word_1_342' title='bbox 1450 4395 1486 4437; x_wconf 90' lang='lat' dir='ltr'>ac</span> <span class='ocrx_word' id='word_1_343' title='bbox 1510 4394 1564 4457; x_wconf 90' lang='lat' dir='ltr'>pe·</span> 
     </span>
     <span class='ocr_line' id='line_1_38' title="bbox 300 4479 1565 4563; baseline 0.002 -23"><span class='ocrx_word' id='word_1_344' title='bbox 300 4499 379 4541; x_wconf 91' lang='lat' dir='ltr'>nore</span> <span class='ocrx_word' id='word_1_345' title='bbox 404 4491 542 4559; x_wconf 89' lang='lat' dir='ltr'>murato,</span> <span class='ocrx_word' id='word_1_346' title='bbox 567 4479 649 4542; x_wconf 91' lang='lat' dir='ltr'>inter</span> <span class='ocrx_word' id='word_1_347' title='bbox 674 4480 789 4542; x_wconf 88' lang='lat' dir='ltr'>domos</span> <span class='ocrx_word' id='word_1_348' title='bbox 812 4493 843 4542; x_wconf 93' lang='lat' dir='ltr'>et</span> <span class='ocrx_word' id='word_1_349' title='bbox 875 4479 993 4542; x_wconf 89' lang='lat' dir='ltr'>fundos</span> <span class='ocrx_word' id='word_1_350' title='bbox 1025 4482 1063 4542; x_wconf 89' lang='lat' dir='ltr'>ab</span> <span class='ocrx_word' id='word_1_351' title='bbox 1089 4501 1151 4542; x_wconf 87' lang='lat' dir='ltr'>una</span> <span class='ocrx_word' id='word_1_352' title='bbox 1184 4481 1313 4543; x_wconf 87' lang='lat' dir='ltr'>Thome</span> <span class='ocrx_word' id='word_1_353' title='bbox 1337 4481 1515 4563; x_wconf 88' lang='lat' dir='ltr'>freniparis,</span> <span class='ocrx_word' id='word_1_354' title='bbox 1548 4501 1565 4542; x_wconf 87' lang='lat' dir='ltr'>a</span> 
     </span>
     <span class='ocr_line' id='line_1_39' title="bbox 300 4585 1563 4665; baseline -0.001 -18"><span class='ocrx_word' id='word_1_355' title='bbox 300 4585 492 4665; x_wconf 79' lang='lat' dir='ltr'>meridiane,</span> <span class='ocrx_word' id='word_1_356' title='bbox 517 4600 548 4648; x_wconf 89' lang='lat' dir='ltr'>et</span> <span class='ocrx_word' id='word_1_357' title='bbox 572 4587 654 4649; x_wconf 92' lang='lat' dir='ltr'>inter</span> <span class='ocrx_word' id='word_1_358' title='bbox 678 4587 811 4648; x_wconf 91' lang='lat' dir='ltr'>domum</span> <span class='ocrx_word' id='word_1_359' title='bbox 837 4587 961 4649; x_wconf 93' lang='lat' dir='ltr'>domini</span> <span class='ocrx_word' id='word_1_360' title='bbox 980 4587 1146 4649; x_wconf 86' lang='lat' dir='ltr'>Michaelis</span> <span class='ocrx_word' id='word_1_361' title='bbox 1168 4589 1331 4650; x_wconf 89' lang='lat' dir='ltr'>castellani</span> <span class='ocrx_word' id='word_1_362' title='bbox 1361 4587 1399 4648; x_wconf 92' lang='lat' dir='ltr'>de</span> <span class='ocrx_word' id='word_1_363' title='bbox 1427 4586 1563 4664; x_wconf 86' lang='lat' dir='ltr'>Medwe,</span> 
     </span>
     <span class='ocr_line' id='line_1_40' title="bbox 299 4693 1563 4774; baseline 0.001 -21"><span class='ocrx_word' id='word_1_364' title='bbox 299 4713 318 4754; x_wconf 89' lang='lat' dir='ltr'>a</span> <span class='ocrx_word' id='word_1_365' title='bbox 343 4693 572 4774; x_wconf 89' lang='lat' dir='ltr'>septemtrione</span> <span class='ocrx_word' id='word_1_366' title='bbox 589 4694 742 4774; x_wconf 87' lang='lat' dir='ltr'>habitam,</span> <span class='ocrx_word' id='word_1_367' title='bbox 767 4693 908 4756; x_wconf 90' lang='lat' dir='ltr'>mediam</span> <span class='ocrx_word' id='word_1_368' title='bbox 933 4695 1054 4756; x_wconf 91' lang='lat' dir='ltr'>curiam</span> <span class='ocrx_word' id='word_1_369' title='bbox 1073 4695 1104 4755; x_wconf 94' lang='lat' dir='ltr'>in</span> <span class='ocrx_word' id='word_1_370' title='bbox 1121 4715 1153 4756; x_wconf 88' lang='lat' dir='ltr'>se</span> <span class='ocrx_word' id='word_1_371' title='bbox 1171 4695 1401 4773; x_wconf 88' lang='lat' dir='ltr'>continentem,</span> <span class='ocrx_word' id='word_1_372' title='bbox 1419 4693 1563 4774; x_wconf 88' lang='lat' dir='ltr'>Georgio</span> 
     </span>
     <span class='ocr_line' id='line_1_41' title="bbox 300 4799 1562 4880; baseline 0 -20"><span class='ocrx_word' id='word_1_373' title='bbox 300 4799 439 4861; x_wconf 89' lang='lat' dir='ltr'>institori</span> <span class='ocrx_word' id='word_1_374' title='bbox 464 4801 555 4862; x_wconf 89' lang='lat' dir='ltr'>aliter</span> <span class='ocrx_word' id='word_1_375' title='bbox 579 4801 681 4880; x_wconf 87' lang='lat' dir='ltr'>Jurse,</span> <span class='ocrx_word' id='word_1_376' title='bbox 714 4801 782 4862; x_wconf 88' lang='lat' dir='ltr'>viro</span> <span class='ocrx_word' id='word_1_377' title='bbox 815 4822 885 4879; x_wconf 94' lang='lat' dir='ltr'>suo,</span> <span class='ocrx_word' id='word_1_378' title='bbox 918 4801 956 4862; x_wconf 90' lang='lat' dir='ltr'>de</span> <span class='ocrx_word' id='word_1_379' title='bbox 990 4803 1147 4880; x_wconf 89' lang='lat' dir='ltr'>Zanabor,</span> <span class='ocrx_word' id='word_1_380' title='bbox 1182 4803 1302 4864; x_wconf 88' lang='lat' dir='ltr'>utiam</span> <span class='ocrx_word' id='word_1_381' title='bbox 1328 4822 1412 4863; x_wconf 91' lang='lat' dir='ltr'>novo</span> <span class='ocrx_word' id='word_1_382' title='bbox 1438 4800 1562 4862; x_wconf 93' lang='lat' dir='ltr'>concivi</span> 
     </span>
     <span class='ocr_line' id='line_1_42' title="bbox 300 4905 1563 4990; baseline 0.002 -26"><span class='ocrx_word' id='word_1_383' title='bbox 300 4917 421 4982; x_wconf 83' lang='lat' dir='ltr'>nostre,</span> <span class='ocrx_word' id='word_1_384' title='bbox 446 4905 646 4988; x_wconf 86' lang='lat' dir='ltr'>propinasset</span> <span class='ocrx_word' id='word_1_385' title='bbox 670 4919 701 4968; x_wconf 90' lang='lat' dir='ltr'>et</span> <span class='ocrx_word' id='word_1_386' title='bbox 724 4907 920 4984; x_wconf 91' lang='lat' dir='ltr'>contulisset,</span> <span class='ocrx_word' id='word_1_387' title='bbox 946 4907 987 4968; x_wconf 92' lang='lat' dir='ltr'>ita</span> <span class='ocrx_word' id='word_1_388' title='bbox 1012 4921 1139 4986; x_wconf 87' lang='lat' dir='ltr'>tamen,</span> <span class='ocrx_word' id='word_1_389' title='bbox 1165 4909 1303 4990; x_wconf 90' lang='lat' dir='ltr'>quodsi</span> <span class='ocrx_word' id='word_1_390' title='bbox 1328 4909 1433 4989; x_wconf 91' lang='lat' dir='ltr'>ipsum</span> <span class='ocrx_word' id='word_1_391' title='bbox 1458 4905 1563 4968; x_wconf 91' lang='lat' dir='ltr'>Geor·</span> 
     </span>
     <span class='ocr_line' id='line_1_43' title="bbox 298 5009 1563 5095; baseline 0.001 -25"><span class='ocrx_word' id='word_1_392' title='bbox 298 5009 390 5091; x_wconf 87' lang='lat' dir='ltr'>glum</span> <span class='ocrx_word' id='word_1_393' title='bbox 416 5011 503 5072; x_wconf 91' lang='lat' dir='ltr'>Jurse</span> <span class='ocrx_word' id='word_1_394' title='bbox 529 5013 650 5074; x_wconf 91' lang='lat' dir='ltr'>dictum</span> <span class='ocrx_word' id='word_1_395' title='bbox 676 5013 764 5094; x_wconf 91' lang='lat' dir='ltr'>prius</span> <span class='ocrx_word' id='word_1_396' title='bbox 787 5027 860 5075; x_wconf 90' lang='lat' dir='ltr'>ante</span> <span class='ocrx_word' id='word_1_397' title='bbox 886 5013 988 5095; x_wconf 89' lang='lat' dir='ltr'>ipsam</span> <span class='ocrx_word' id='word_1_398' title='bbox 1013 5015 1131 5075; x_wconf 88' lang='lat' dir='ltr'>Nesam</span> <span class='ocrx_word' id='word_1_399' title='bbox 1161 5027 1341 5076; x_wconf 91' lang='lat' dir='ltr'>consortem</span> <span class='ocrx_word' id='word_1_400' title='bbox 1367 5031 1456 5074; x_wconf 90' lang='lat' dir='ltr'>suam</span> <span class='ocrx_word' id='word_1_401' title='bbox 1482 5013 1563 5072; x_wconf 91' lang='lat' dir='ltr'>mori</span> 
     </span>
    </p>
   </div>
   <div class='ocr_carea' id='block_1_4' title="bbox 0 0 1926 5802">
    <p class='ocr_par' dir='ltr' id='par_1_6' title="bbox 0 0 1926 5802">
     <span class='ocr_line' id='line_1_44' title="bbox 0 0 1926 5802; baseline 0 2"><span class='ocrx_word' id='word_1_402' title='bbox 0 0 1926 5802; x_wconf 95' lang='lat' dir='ltr'> </span> 
     </span>
    </p>
   </div>
  </div>
 </body>
</html>
