3804 5798
375 583 434 648 170
908 566 1090 625 Inventarr'a.

363 777 433 841 finit
460 791 510 840 ›et
535 793 657 860 partem
683 779 750 860 ipse
774 778 868 857 sibi«,
894 777 1014 840 babens
1039 779 1069 838 in
1095 777 1157 839 fine
1182 790 1425 858 extravagantes
1451 773 1628 836 Innocentii

362 885 477 966 quarti,
501 884 622 947 habens
647 885 678 946 in
705 884 767 947 fine
791 886 920 946 arbores
944 885 1251 966 consanguineitatis
1275 897 1305 945 et
1329 880 1502 945 affinitatis.

471 1008 560 1088 ltem,
585 1029 647 1070 una
673 1010 735 1071 alia
759 1009 927 1072 decretalis
950 1009 990 1071 ad
1014 1009 1149 1072 modum
1176 1007 1435 1091 antiquissimum
1461 1021 1492 1068 et
1516 1006 1628 1088 incipit

367 1115 398 1175 in
423 1128 511 1176 textu
538 1114 734 1197 »Gregorius
767 1117 968 1198 episcopus«,
1001 1130 1032 1178 et
1065 1117 1096 1177 in
1123 1115 1185 1178 fine
1217 1117 1318 1198 prime
1352 1115 1468 1198 pagine
1492 1110 1624 1174 secundi

364 1220 433 1282 folii
462 1220 530 1282 finit
559 1222 609 1282 »in
635 1235 798 1304 posterum
832 1223 906 1301 ob«,
931 1222 1052 1284 babens
1075 1224 1108 1284 in
1132 1221 1196 1285 fine
1220 1222 1392 1284 conciones
1417 1219 1627 1281 dominicales

366 1328 584 1390 Bartholomei
611 1329 821 1411 Bressyensis.

467 1435 557 1514 ltem,
581 1435 664 1497 alius
688 1436 769 1497 liber
796 1435 1023 1514 Decretalium,
1047 1435 1194 1496 similiter
1217 1435 1258 1496 ad
1284 1433 1418 1495 modum
1443 1434 1625 1514 antiquum,

366 1541 486 1602 habens
511 1543 541 1602 in
575 1542 733 1624 principio
765 1543 895 1604 arbores
927 1541 1242 1622 consanguineitatis,
1275 1555 1307 1603 et
1338 1539 1451 1622 incipit
1475 1558 1547 1600 cum
1574 1558 1624 1600 ru·

366 1647 453 1709 brica
480 1647 613 1730 »Incipit
637 1649 718 1710 liber
741 1649 895 1730 primus«,
920 1662 950 1709 et
974 1648 1006 1709 in
1030 1646 1092 1709 fine
1121 1647 1223 1729 prime
1256 1647 1374 1729 pagine
1398 1645 1530 1707 secundi
1556 1643 1625 1705 folii

360 1753 435 1815 finit
461 1769 659 1816 »statuerunt
684 1769 788 1836 post«,
813 1769 843 1816 et
868 1755 899 1816 in
924 1753 986 1816 fine
1015 1754 1136 1816 habens
1168 1753 1434 1814 constitucionem
1460 1751 1624 1833 quandam

364 1860 490 1922 Nicolai
515 1875 546 1922 et
568 1861 737 1943 glosatum.

470 1985 559 2064 ltem,
583 1987 665 2047 liber
684 1986 790 2048 decise
808 1986 1017 2049 decretalium
1035 1985 1214 2048 Innocentii
1230 1986 1321 2048 tercii
1338 2000 1369 2046 et
1392 1985 1530 2046 aliorum
1548 1984 1617 2044 sine

363 2091 578 2172 coopertorio,
603 2105 633 2152 et
658 2092 770 2174 incipit
794 2091 826 2152 in
851 2105 939 2154 textu
966 2091 1197 2154 »Innocencius
1213 2111 1322 2152 servus
1347 2109 1546 2168 servorum«,
1565 2088 1624 2150 ha·

362 2199 440 2259 bens
465 2197 497 2258 in
523 2196 585 2258 fine
610 2197 742 2259 nomina
766 2199 970 2280 quarundam
994 2199 1215 2261 decretalium.

468 2322 557 2402 ltem,
582 2343 665 2384 unus
692 2324 805 2386 Sextus
822 2325 862 2386 ad
880 2325 1013 2387 modum
1038 2325 1262 2404 novissimum,
1287 2339 1318 2386 et
1342 2323 1456 2406 incipit
1481 2324 1513 2384 in
1537 2336 1623 2384 textu

361 2427 566 2491 ›Bonilacius
590 2430 791 2514 episcopus«,
824 2445 855 2492 et
879 2431 911 2492 in
935 2430 997 2492 fine
1030 2431 1133 2514 prime
1157 2431 1274 2514 pagine
1298 2430 1431 2493 secundi
1457 2429 1526 2490 folii
1553 2427 1623 2490 finit

361 2535 449 2596 »eius
473 2537 592 2598 subditi
623 2536 776 2616 furtum«,
800 2552 831 2599 et
855 2537 886 2599 in
913 2537 976 2600 fine
1011 2539 1084 2600 libri
1117 2538 1149 2600 in
1180 2551 1269 2600 textu
1294 2537 1363 2600 finit
1403 2536 1624 2618 »pontificatus

358 2642 456 2703 nostri
482 2643 559 2704 anni
584 2644 721 2724 quarti«.

465 2748 553 2828 ltem,
578 2763 681 2812 textus
705 2750 783 2811 sexti
808 2751 881 2812 libri
907 2751 1114 2814 decretalium
1132 2752 1201 2814 sine
1222 2751 1332 2834 glosis,
1358 2765 1389 2812 et
1413 2749 1524 2830 incipit
1548 2767 1622 2809 cum

359 2853 484 2914 rubrica
513 2853 646 2937 »Incipit
670 2856 751 2917 liber
774 2872 881 2919 sextus
905 2857 1146 2937 decretalium«,
1177 2871 1208 2921 et
1231 2859 1263 2919 in
1288 2855 1352 2919 fine
1376 2856 1480 2939 prime
1505 2855 1622 2937 pagine

356 2959 488 3020 secundi
515 2959 584 3021 folii
608 2959 678 3022 finit
706 2961 903 3023 »dummodo
928 2963 1050 3043 locus«,
1075 2965 1155 3026 etin
1172 2963 1234 3026 fine
1259 2964 1332 3026 libri
1358 2961 1428 3025 finit
1457 2960 1622 3042 »undique

361 3065 559 3130 confluunt«.

462 3173 551 3254 ltern,
576 3175 657 3237 liber
674 3175 955 3239 Clementinorum
972 3197 1044 3240 cum
1060 3179 1160 3259 glosis
1177 3179 1217 3240 ad
1243 3178 1378 3240 modum
1392 3176 1621 3252 novissimum,

360 3293 391 3341 et
415 3279 527 3362 incipit
554 3281 735 3345 »lohannes
759 3285 961 3367 episcopus«,
998 3298 1029 3346 et
1053 3286 1084 3346 in
1117 3283 1179 3347 fine
1205 3286 1307 3367 prime
1345 3285 1462 3367 pagine
1486 3281 1619 3344 secundi

357 3385 428 3448 lolii
453 3385 524 3449 finit
559 3388 641 3450 »iarn
666 3403 761 3472 sputu
792 3392 942 3471 emisso«,
978 3406 1008 3453 et
1044 3392 1075 3452 in
1102 3390 1165 3454 fine
1200 3392 1274 3454 libri
1300 3389 1370 3453 finit
1397 3388 1620 3473 »pontificatus

356 3493 458 3554 nostri
483 3513 568 3556 anno
592 3497 766 3558 secundoe.

462 3618 552 3698 ltem,
576 3634 682 3682 sextus
715 3620 996 3683 Clementinorum
1032 3623 1100 3684 sine
1135 3623 1245 3704 glosis,
1278 3636 1309 3685 et
1333 3623 1446 3706 incipit
1469 3641 1542 3684 curn
1567 3641 1617 3683 ru·

361 3725 448 3786 brica
476 3725 758 3788 »Constituciones
774 3747 855 3789 nove
874 3727 1112 3808 Clementine«,
1129 3743 1160 3792 et
1177 3731 1208 3791 in
1226 3728 1288 3792 fine
1307 3730 1379 3792 libri
1403 3729 1473 3792 finit
1493 3729 1619 3791 »irritus

358 3852 416 3894 nec
440 3833 540 3894 eciam
566 3833 769 3896 irritandus«.

460 3939 550 4018 Item,
575 3959 637 4001 una
651 3960 776 4002 summa
790 3941 966 4003 Reimundi
982 3942 1021 4004 de
1034 3943 1144 4025 pulcra
1162 3943 1252 4005 litera
1269 3943 1405 4024 glosata,
1422 3961 1484 4024 que
1502 3941 1615 4022 incipit

352 4045 387 4107 in
411 4059 498 4108 textu
526 4047 711 4128 »quoniam
736 4061 770 4110 ut
792 4049 836 4109 ait
860 4048 1075 4128 Jeronimus«,
1101 4062 1132 4111 et
1159 4051 1191 4111 in
1214 4049 1277 4112 fine
1302 4050 1404 4132 prime
1428 4049 1543 4131 pagine
1567 4067 1614 4108 se-

355 4153 454 4214 cundi
479 4151 548 4214 lolii
573 4152 643 4215 finit
682 4155 781 4216 »sicut
813 4175 872 4216 nec
903 4157 1112 4235 transaccio«,
1144 4157 1231 4218 etin
1263 4155 1324 4217 fine
1349 4153 1422 4216 libri
1446 4151 1515 4214 finit
1542 4173 1615 4215 »ex-

356 4261 685 4322 communicavimus«
713 4248 784 4323 cum'
811 4263 936 4324 rubrica
961 4263 993 4324 in
1018 4263 1121 4344 nigro.

461 4382 550 4462 Item,
575 4385 637 4446 alia
661 4405 786 4447 summa
813 4387 988 4448 Reimundi
1021 4387 1061 4448 de
1085 4407 1181 4469 parva
1206 4387 1321 4465 littera,
1354 4401 1385 4448 et
1406 4387 1518 4469 incipit
1541 4405 1614 4448 curn

354 4491 481 4553 rubrica
509 4491 642 4575 >Incipit
666 4512 791 4554 summa
816 4495 957 4575 magistri
983 4495 1189 4572 Reimundi«,
1222 4507 1252 4556 et
1282 4495 1315 4555 in
1347 4493 1410 4556 fine
1434 4495 1536 4576 prime
1560 4515 1616 4578 pa·

353 4599 429 4679 gine
463 4599 595 4660 secundi
619 4597 690 4661 folii
713 4599 782 4661 finit
818 4601 913 4663 »item
938 4601 1003 4662 duo
1028 4621 1118 4663 casus
1149 4615 1222 4662 sunt
1254 4601 1286 4662 in
1312 4602 1428 4683 quibus
1459 4621 1531 4663 curn
1565 4621 1615 4662 ce·

351 4707 427 4768 teris
451 4707 521 4768 aliis
544 4707 708 4788 opusculis
731 4707 762 4767 in
787 4705 882 4771 fine«.

458 4830 547 4908 Item,
571 4851 695 4892 summa
721 4829 887 4892 Ganifredi
905 4831 1026 4914 pulcra,
1051 4845 1082 4892 et
1099 4832 1211 4914 incipit
1234 4852 1307 4894 curn
1325 4833 1449 4894 rubrica
1479 4831 1614 4915 >Incipit

351 4955 476 4998 summa
502 4935 665 4998 Gauffredi
690 4957 786 5019 super
810 4937 939 4999 titulum
964 4937 1206 5016 decretalium«,
1232 4952 1262 5000 et
1285 4939 1318 5000 in
1341 4937 1405 5000 fine
1428 4939 1532 5021 prime
1559 4959 1614 5022 pa-

351 5043 425 5125 gine
450 5043 582 5105 secundi
606 5042 674 5105 folii
699 5042 770 5106 finit
794 5065 894 5126 »quos
920 5046 999 5108 deus
1015 5046 1213 5125 coniunxit«,
1238 5046 1359 5109 babens
1376 5047 1408 5108 in
1432 5045 1495 5109 fine
1520 5065 1611 5109 casus
