<?xml version="1.0" encoding="UTF-8"?>
<!DOCTYPE html PUBLIC "-//W3C//DTD XHTML 1.0 Transitional//EN"
    "http://www.w3.org/TR/xhtml1/DTD/xhtml1-transitional.dtd">
<html xmlns="http://www.w3.org/1999/xhtml" xml:lang="en" lang="en">
 <head>
  <title>
</title>
<meta http-equiv="Content-Type" content="text/html;charset=utf-8" />
  <meta name='ocr-system' content='tesseract 3.04.00' />
  <meta name='ocr-capabilities' content='ocr_page ocr_carea ocr_par ocr_line ocrx_word'/>
</head>
<body>
  <div class='ocr_page' id='page_1' title='image "./monumentahistor19laszgoog_0067.png"; bbox 0 0 3842 5802; ppageno 0'>
   <div class='ocr_carea' id='block_1_1' title="bbox 265 531 1536 5079">
    <p class='ocr_par' dir='ltr' id='par_1_1' title="bbox 270 531 1536 2102">
     <span class='ocr_line' id='line_1_1' title="bbox 802 531 1533 608; baseline 0 0"><span class='ocrx_word' id='word_1_1' title='bbox 802 531 889 588; x_wconf 67' lang='lat' dir='ltr'>Arno</span> <span class='ocrx_word' id='word_1_2' title='bbox 913 543 1002 608; x_wconf 71' lang='lat'><em>1473·</em></span> <span class='ocrx_word' id='word_1_3' title='bbox 1098 579 1100 584; x_wconf 66' lang='lat'>,</span> <span class='ocrx_word' id='word_1_4' title='bbox 1500 550 1533 608; x_wconf 86' lang='lat'>15</span> 
     </span>
     <span class='ocr_line' id='line_1_2' title="bbox 274 743 1535 828; baseline -0.002 -20"><span class='ocrx_word' id='word_1_5' title='bbox 274 747 402 828; x_wconf 86' lang='lat' dir='ltr'>insuper</span> <span class='ocrx_word' id='word_1_6' title='bbox 418 744 558 828; x_wconf 87' lang='lat' dir='ltr'>prelatus</span> <span class='ocrx_word' id='word_1_7' title='bbox 574 743 671 807; x_wconf 85' lang='lat' dir='ltr'>frater</span> <span class='ocrx_word' id='word_1_8' title='bbox 690 745 865 808; x_wconf 84' lang='lat' dir='ltr'>Ewstacius</span> <span class='ocrx_word' id='word_1_9' title='bbox 882 765 918 807; x_wconf 89' lang='lat' dir='ltr'>ac</span> <span class='ocrx_word' id='word_1_10' title='bbox 943 746 1090 826; x_wconf 87' lang='lat' dir='ltr'>obligans</span> <span class='ocrx_word' id='word_1_11' title='bbox 1106 765 1139 806; x_wconf 90' lang='lat' dir='ltr'>se</span> <span class='ocrx_word' id='word_1_12' title='bbox 1165 760 1195 807; x_wconf 90' lang='lat' dir='ltr'>et</span> <span class='ocrx_word' id='word_1_13' title='bbox 1218 746 1300 806; x_wconf 91' lang='lat' dir='ltr'>alios</span> <span class='ocrx_word' id='word_1_14' title='bbox 1324 764 1406 826; x_wconf 89' lang='lat' dir='ltr'>quos</span> <span class='ocrx_word' id='word_1_15' title='bbox 1427 765 1535 826; x_wconf 85' lang='lat' dir='ltr'>supra,</span> 
     </span>
     <span class='ocr_line' id='line_1_3' title="bbox 273 851 1534 934; baseline 0 -21"><span class='ocrx_word' id='word_1_16' title='bbox 273 853 360 934; x_wconf 90' lang='lat' dir='ltr'>quod</span> <span class='ocrx_word' id='word_1_17' title='bbox 385 853 410 912; x_wconf 91' lang='lat' dir='ltr'>si</span> <span class='ocrx_word' id='word_1_18' title='bbox 434 867 617 934; x_wconf 91' lang='lat' dir='ltr'>temporum</span> <span class='ocrx_word' id='word_1_19' title='bbox 637 851 668 912; x_wconf 95' lang='lat' dir='ltr'>in</span> <span class='ocrx_word' id='word_1_20' title='bbox 693 871 844 933; x_wconf 90' lang='lat' dir='ltr'>processu</span> <span class='ocrx_word' id='word_1_21' title='bbox 861 853 966 934; x_wconf 88' lang='lat' dir='ltr'>ipsum</span> <span class='ocrx_word' id='word_1_22' title='bbox 984 851 1164 913; x_wconf 81' lang='lat' dir='ltr'>iohannem</span> <span class='ocrx_word' id='word_1_23' title='bbox 1188 851 1343 934; x_wconf 88' lang='lat' dir='ltr'>gurthler‚</span> <span class='ocrx_word' id='word_1_24' title='bbox 1368 851 1534 933; x_wconf 87' lang='lat' dir='ltr'>ipsiusque</span> 
     </span>
     <span class='ocr_line' id='line_1_4' title="bbox 273 957 1531 1041; baseline 0.001 -22"><span class='ocrx_word' id='word_1_25' title='bbox 273 958 404 1020; x_wconf 89' lang='lat' dir='ltr'>heredes</span> <span class='ocrx_word' id='word_1_26' title='bbox 417 978 454 1020; x_wconf 92' lang='lat' dir='ltr'>ac</span> <span class='ocrx_word' id='word_1_27' title='bbox 477 977 676 1020; x_wconf 82' lang='lat' dir='ltr'>successores</span> <span class='ocrx_word' id='word_1_28' title='bbox 700 977 756 1041; x_wconf 91' lang='lat' dir='ltr'>per</span> <span class='ocrx_word' id='word_1_29' title='bbox 773 959 954 1040; x_wconf 87' lang='lat' dir='ltr'>superiores</span> <span class='ocrx_word' id='word_1_30' title='bbox 971 958 1114 1019; x_wconf 87' lang='lat' dir='ltr'>eiusdem</span> <span class='ocrx_word' id='word_1_31' title='bbox 1132 958 1260 1020; x_wconf 83' lang='lat' dir='ltr'>claustri</span> <span class='ocrx_word' id='word_1_32' title='bbox 1277 971 1308 1019; x_wconf 90' lang='lat' dir='ltr'>et</span> <span class='ocrx_word' id='word_1_33' title='bbox 1331 957 1411 1019; x_wconf 83' lang='lat' dir='ltr'>alios</span> <span class='ocrx_word' id='word_1_34' title='bbox 1436 978 1531 1040; x_wconf 89' lang='lat' dir='ltr'>quos·</span> 
     </span>
     <span class='ocr_line' id='line_1_5' title="bbox 272 1063 1532 1147; baseline -0.001 -22"><span class='ocrx_word' id='word_1_35' title='bbox 272 1066 359 1147; x_wconf 92' lang='lat' dir='ltr'>piam</span> <span class='ocrx_word' id='word_1_36' title='bbox 385 1065 512 1126; x_wconf 86' lang='lat' dir='ltr'>racione</span> <span class='ocrx_word' id='word_1_37' title='bbox 536 1065 714 1126; x_wconf 90' lang='lat' dir='ltr'>solucionis</span> <span class='ocrx_word' id='word_1_38' title='bbox 738 1063 851 1146; x_wconf 86' lang='lat' dir='ltr'>prefati</span> <span class='ocrx_word' id='word_1_39' title='bbox 880 1065 976 1126; x_wconf 91' lang='lat' dir='ltr'>unius</span> <span class='ocrx_word' id='word_1_40' title='bbox 1003 1063 1073 1126; x_wconf 88' lang='lat' dir='ltr'>flor.</span> <span class='ocrx_word' id='word_1_41' title='bbox 1098 1064 1166 1125; x_wconf 92' lang='lat' dir='ltr'>auri</span> <span class='ocrx_word' id='word_1_42' title='bbox 1192 1064 1350 1126; x_wconf 85' lang='lat' dir='ltr'>censualis</span> <span class='ocrx_word' id='word_1_43' title='bbox 1378 1065 1532 1145; x_wconf 88' lang='lat' dir='ltr'>impedire</span> 
     </span>
     <span class='ocr_line' id='line_1_6' title="bbox 272 1168 1533 1254; baseline -0.002 -22"><span class='ocrx_word' id='word_1_44' title='bbox 272 1190 405 1252; x_wconf 90' lang='lat' dir='ltr'>quoquo</span> <span class='ocrx_word' id='word_1_45' title='bbox 424 1170 522 1231; x_wconf 93' lang='lat' dir='ltr'>modo</span> <span class='ocrx_word' id='word_1_46' title='bbox 539 1171 720 1251; x_wconf 89' lang='lat' dir='ltr'>contigerit,</span> <span class='ocrx_word' id='word_1_47' title='bbox 745 1169 833 1252; x_wconf 93' lang='lat' dir='ltr'>quod</span> <span class='ocrx_word' id='word_1_48' title='bbox 849 1184 924 1232; x_wconf 90' lang='lat' dir='ltr'>tunc</span> <span class='ocrx_word' id='word_1_49' title='bbox 938 1168 1078 1254; x_wconf 89' lang='lat' dir='ltr'>prelatus</span> <span class='ocrx_word' id='word_1_50' title='bbox 1096 1169 1191 1232; x_wconf 81' lang='lat' dir='ltr'>frater</span> <span class='ocrx_word' id='word_1_51' title='bbox 1217 1170 1392 1231; x_wconf 87' lang='lat' dir='ltr'>Ewstacius</span> <span class='ocrx_word' id='word_1_52' title='bbox 1419 1188 1478 1231; x_wconf 91' lang='lat' dir='ltr'>suo</span> <span class='ocrx_word' id='word_1_53' title='bbox 1503 1185 1533 1229; x_wconf 90' lang='lat' dir='ltr'>et</span> 
     </span>
     <span class='ocr_line' id='line_1_7' title="bbox 271 1276 1528 1359; baseline -0.002 -20"><span class='ocrx_word' id='word_1_54' title='bbox 271 1279 418 1339; x_wconf 93' lang='lat' dir='ltr'>omnium</span> <span class='ocrx_word' id='word_1_55' title='bbox 434 1297 653 1340; x_wconf 90' lang='lat' dir='ltr'>successorum</span> <span class='ocrx_word' id='word_1_56' title='bbox 678 1276 810 1338; x_wconf 81' lang='lat' dir='ltr'>fratrum</span> <span class='ocrx_word' id='word_1_57' title='bbox 830 1277 972 1359; x_wconf 89' lang='lat' dir='ltr'>priorum</span> <span class='ocrx_word' id='word_1_58' title='bbox 998 1291 1028 1338; x_wconf 91' lang='lat' dir='ltr'>et</span> <span class='ocrx_word' id='word_1_59' title='bbox 1045 1277 1376 1338; x_wconf 90' lang='lat' dir='ltr'>conventuseiusdem</span> <span class='ocrx_word' id='word_1_60' title='bbox 1401 1276 1528 1337; x_wconf 79' lang='lat' dir='ltr'>claustri</span> 
     </span>
     <span class='ocr_line' id='line_1_8' title="bbox 271 1381 1533 1464; baseline -0.003 -18"><span class='ocrx_word' id='word_1_61' title='bbox 271 1405 304 1446; x_wconf 89' lang='lat' dir='ltr'>se</span> <span class='ocrx_word' id='word_1_62' title='bbox 329 1399 360 1446; x_wconf 90' lang='lat' dir='ltr'>et</span> <span class='ocrx_word' id='word_1_63' title='bbox 384 1405 458 1446; x_wconf 91' lang='lat' dir='ltr'>suos</span> <span class='ocrx_word' id='word_1_64' title='bbox 482 1405 681 1446; x_wconf 87' lang='lat' dir='ltr'>successores</span> <span class='ocrx_word' id='word_1_65' title='bbox 714 1384 889 1464; x_wconf 86' lang='lat' dir='ltr'>obligasset</span> <span class='ocrx_word' id='word_1_66' title='bbox 912 1396 942 1445; x_wconf 92' lang='lat' dir='ltr'>et</span> <span class='ocrx_word' id='word_1_67' title='bbox 974 1383 1134 1464; x_wconf 87' lang='lat' dir='ltr'>obligatos</span> <span class='ocrx_word' id='word_1_68' title='bbox 1165 1381 1232 1444; x_wconf 86' lang='lat' dir='ltr'>fore</span> <span class='ocrx_word' id='word_1_69' title='bbox 1257 1383 1470 1445; x_wconf 85' lang='lat' dir='ltr'>commisisset</span> <span class='ocrx_word' id='word_1_70' title='bbox 1494 1383 1533 1442; x_wconf 90' lang='lat' dir='ltr'>ad</span> 
     </span>
     <span class='ocr_line' id='line_1_9' title="bbox 271 1489 1535 1573; baseline -0.002 -22"><span class='ocrx_word' id='word_1_71' title='bbox 271 1490 510 1554; x_wconf 77' lang='lat' dir='ltr'>defendendum</span> <span class='ocrx_word' id='word_1_72' title='bbox 537 1505 568 1553; x_wconf 94' lang='lat' dir='ltr'>et</span> <span class='ocrx_word' id='word_1_73' title='bbox 592 1490 826 1573; x_wconf 88' lang='lat' dir='ltr'>protegendum</span> <span class='ocrx_word' id='word_1_74' title='bbox 845 1489 984 1552; x_wconf 91' lang='lat' dir='ltr'>eundem</span> <span class='ocrx_word' id='word_1_75' title='bbox 1002 1489 1182 1550; x_wconf 79' lang='lat' dir='ltr'>iohannem</span> <span class='ocrx_word' id='word_1_76' title='bbox 1198 1489 1352 1570; x_wconf 89' lang='lat' dir='ltr'>gurthler,</span> <span class='ocrx_word' id='word_1_77' title='bbox 1371 1489 1535 1570; x_wconf 89' lang='lat' dir='ltr'>ipsiusque</span> 
     </span>
     <span class='ocr_line' id='line_1_10' title="bbox 271 1597 1534 1678; baseline -0.002 -18"><span class='ocrx_word' id='word_1_78' title='bbox 271 1598 405 1660; x_wconf 89' lang='lat' dir='ltr'>heredes</span> <span class='ocrx_word' id='word_1_79' title='bbox 428 1614 459 1662; x_wconf 90' lang='lat' dir='ltr'>et</span> <span class='ocrx_word' id='word_1_80' title='bbox 482 1617 682 1660; x_wconf 85' lang='lat' dir='ltr'>successores</span> <span class='ocrx_word' id='word_1_81' title='bbox 705 1597 874 1659; x_wconf 91' lang='lat' dir='ltr'>universos</span> <span class='ocrx_word' id='word_1_82' title='bbox 898 1597 964 1657; x_wconf 88' lang='lat' dir='ltr'>suis</span> <span class='ocrx_word' id='word_1_83' title='bbox 988 1597 1126 1678; x_wconf 90' lang='lat' dir='ltr'>propriis</span> <span class='ocrx_word' id='word_1_84' title='bbox 1150 1610 1181 1657; x_wconf 89' lang='lat' dir='ltr'>et</span> <span class='ocrx_word' id='word_1_85' title='bbox 1205 1615 1345 1678; x_wconf 91' lang='lat' dir='ltr'>quorum</span> <span class='ocrx_word' id='word_1_86' title='bbox 1370 1615 1464 1677; x_wconf 89' lang='lat' dir='ltr'>supra</span> <span class='ocrx_word' id='word_1_87' title='bbox 1490 1597 1534 1657; x_wconf 87' lang='lat' dir='ltr'>la·</span> 
     </span>
     <span class='ocr_line' id='line_1_11' title="bbox 271 1699 1536 1786; baseline -0.006 -19"><span class='ocrx_word' id='word_1_88' title='bbox 271 1706 368 1786; x_wconf 86' lang='lat' dir='ltr'>tigiis,</span> <span class='ocrx_word' id='word_1_89' title='bbox 392 1706 558 1767; x_wconf 90' lang='lat' dir='ltr'>laboribus</span> <span class='ocrx_word' id='word_1_90' title='bbox 582 1719 612 1766; x_wconf 92' lang='lat' dir='ltr'>et</span> <span class='ocrx_word' id='word_1_91' title='bbox 637 1704 794 1786; x_wconf 82' lang='lat' dir='ltr'>expensis,</span> <span class='ocrx_word' id='word_1_92' title='bbox 818 1702 857 1764; x_wconf 87' lang='lat' dir='ltr'>ad</span> <span class='ocrx_word' id='word_1_93' title='bbox 890 1701 978 1784; x_wconf 94' lang='lat' dir='ltr'>quod</span> <span class='ocrx_word' id='word_1_94' title='bbox 1009 1721 1043 1764; x_wconf 87' lang='lat' dir='ltr'>se</span> <span class='ocrx_word' id='word_1_95' title='bbox 1068 1700 1210 1782; x_wconf 86' lang='lat' dir='ltr'>prelatus</span> <span class='ocrx_word' id='word_1_96' title='bbox 1242 1699 1337 1762; x_wconf 87' lang='lat' dir='ltr'>lrater</span> <span class='ocrx_word' id='word_1_97' title='bbox 1361 1701 1536 1762; x_wconf 88' lang='lat' dir='ltr'>Ewstacius</span> 
     </span>
     <span class='ocr_line' id='line_1_12' title="bbox 270 1808 1535 1893; baseline -0.003 -21"><span class='ocrx_word' id='word_1_98' title='bbox 270 1831 327 1872; x_wconf 88' lang='lat' dir='ltr'>sua</span> <span class='ocrx_word' id='word_1_99' title='bbox 352 1825 383 1872; x_wconf 89' lang='lat' dir='ltr'>et</span> <span class='ocrx_word' id='word_1_100' title='bbox 407 1830 545 1893; x_wconf 89' lang='lat' dir='ltr'>quorum</span> <span class='ocrx_word' id='word_1_101' title='bbox 572 1831 666 1892; x_wconf 88' lang='lat' dir='ltr'>supra</span> <span class='ocrx_word' id='word_1_102' title='bbox 702 1810 889 1872; x_wconf 90' lang='lat' dir='ltr'>nominibus</span> <span class='ocrx_word' id='word_1_103' title='bbox 919 1822 1096 1890; x_wconf 90' lang='lat' dir='ltr'>spontanea</span> <span class='ocrx_word' id='word_1_104' title='bbox 1130 1827 1236 1869; x_wconf 89' lang='lat' dir='ltr'>coram</span> <span class='ocrx_word' id='word_1_105' title='bbox 1262 1808 1355 1870; x_wconf 93' lang='lat' dir='ltr'>nobis</span> <span class='ocrx_word' id='word_1_106' title='bbox 1379 1808 1535 1888; x_wconf 90' lang='lat' dir='ltr'>obligavit</span> 
     </span>
     <span class='ocr_line' id='line_1_13' title="bbox 276 1913 1534 1996; baseline -0.003 -19"><span class='ocrx_word' id='word_1_107' title='bbox 276 1917 454 1979; x_wconf 89' lang='lat' dir='ltr'>voluntate.</span> <span class='ocrx_word' id='word_1_108' title='bbox 480 1917 512 1978; x_wconf 93' lang='lat' dir='ltr'>ln</span> <span class='ocrx_word' id='word_1_109' title='bbox 539 1917 629 1978; x_wconf 90' lang='lat' dir='ltr'>cuius</span> <span class='ocrx_word' id='word_1_110' title='bbox 653 1917 697 1978; x_wconf 91' lang='lat' dir='ltr'>rei</span> <span class='ocrx_word' id='word_1_111' title='bbox 723 1931 781 1978; x_wconf 91' lang='lat' dir='ltr'>etc.</span> <span class='ocrx_word' id='word_1_112' title='bbox 808 1916 924 1977; x_wconf 91' lang='lat' dir='ltr'>Datum</span> <span class='ocrx_word' id='word_1_113' title='bbox 950 1914 1027 1976; x_wconf 90' lang='lat' dir='ltr'>feria</span> <span class='ocrx_word' id='word_1_114' title='bbox 1041 1914 1137 1975; x_wconf 90' lang='lat' dir='ltr'>tercia</span> <span class='ocrx_word' id='word_1_115' title='bbox 1158 1915 1301 1994; x_wconf 88' lang='lat' dir='ltr'>proxima</span> <span class='ocrx_word' id='word_1_116' title='bbox 1327 1927 1397 1996; x_wconf 88' lang='lat' dir='ltr'>post</span> <span class='ocrx_word' id='word_1_117' title='bbox 1421 1913 1534 1975; x_wconf 87' lang='lat' dir='ltr'>festum</span> 
     </span>
     <span class='ocr_line' id='line_1_14' title="bbox 272 2019 1534 2102; baseline -0.003 -18"><span class='ocrx_word' id='word_1_118' title='bbox 272 2024 355 2085; x_wconf 86' lang='lat' dir='ltr'>beati</span> <span class='ocrx_word' id='word_1_119' title='bbox 373 2023 509 2084; x_wconf 84' lang='lat' dir='ltr'>Emerici</span> <span class='ocrx_word' id='word_1_120' title='bbox 532 2023 632 2086; x_wconf 88' lang='lat' dir='ltr'>ducis.</span> <span class='ocrx_word' id='word_1_121' title='bbox 658 2027 754 2084; x_wconf 81' lang='lat' dir='ltr'>Anno</span> <span class='ocrx_word' id='word_1_122' title='bbox 779 2036 838 2086; x_wconf 88' lang='lat' dir='ltr'>etc.</span> <span class='ocrx_word' id='word_1_123' title='bbox 855 2019 1078 2102; x_wconf 78' lang='lat' dir='ltr'>sexagesimo?</span> <span class='ocrx_word' id='word_1_124' title='bbox 1094 2020 1355 2102; x_wconf 86' lang='lat' dir='ltr'>(septuagesimo)</span> <span class='ocrx_word' id='word_1_125' title='bbox 1379 2019 1534 2081; x_wconf 89' lang='lat' dir='ltr'>secundo.</span> 
     </span>
    </p>

    <p class='ocr_par' dir='ltr' id='par_1_2' title="bbox 267 2126 1535 4018">
     <span class='ocr_line' id='line_1_15' title="bbox 377 2126 1532 2210; baseline -0.003 -21"><span class='ocrx_word' id='word_1_126' title='bbox 377 2129 475 2202; x_wconf 91' lang='lat' dir='ltr'>Quod</span> <span class='ocrx_word' id='word_1_127' title='bbox 500 2129 577 2210; x_wconf 89' lang='lat' dir='ltr'>quia</span> <span class='ocrx_word' id='word_1_128' title='bbox 602 2148 661 2189; x_wconf 90' lang='lat' dir='ltr'>nos</span> <span class='ocrx_word' id='word_1_129' title='bbox 692 2142 757 2191; x_wconf 91' lang='lat' dir='ltr'>tota</span> <span class='ocrx_word' id='word_1_130' title='bbox 791 2128 1005 2189; x_wconf 88' lang='lat' dir='ltr'>communitas</span> <span class='ocrx_word' id='word_1_131' title='bbox 1036 2127 1119 2188; x_wconf 89' lang='lat' dir='ltr'>dicte</span> <span class='ocrx_word' id='word_1_132' title='bbox 1152 2126 1289 2188; x_wconf 86' lang='lat' dir='ltr'>civitatis</span> <span class='ocrx_word' id='word_1_133' title='bbox 1320 2145 1450 2188; x_wconf 89' lang='lat' dir='ltr'>censum</span> <span class='ocrx_word' id='word_1_134' title='bbox 1476 2145 1532 2186; x_wconf 90' lang='lat' dir='ltr'>seu</span> 
     </span>
     <span class='ocr_line' id='line_1_16' title="bbox 270 2232 1535 2316; baseline -0.002 -21"><span class='ocrx_word' id='word_1_135' title='bbox 270 2249 462 2316; x_wconf 91' lang='lat' dir='ltr'>proventum</span> <span class='ocrx_word' id='word_1_136' title='bbox 488 2235 527 2296; x_wconf 90' lang='lat' dir='ltr'>de</span> <span class='ocrx_word' id='word_1_137' title='bbox 553 2235 692 2316; x_wconf 82' lang='lat' dir='ltr'>quadam</span> <span class='ocrx_word' id='word_1_138' title='bbox 719 2235 813 2296; x_wconf 92' lang='lat' dir='ltr'>vinea</span> <span class='ocrx_word' id='word_1_139' title='bbox 838 2233 1054 2296; x_wconf 87' lang='lat' dir='ltr'>condicionali</span> <span class='ocrx_word' id='word_1_140' title='bbox 1080 2233 1111 2293; x_wconf 92' lang='lat' dir='ltr'>in</span> <span class='ocrx_word' id='word_1_141' title='bbox 1129 2233 1290 2294; x_wconf 91' lang='lat' dir='ltr'>territorio</span> <span class='ocrx_word' id='word_1_142' title='bbox 1315 2245 1435 2310; x_wconf 84' lang='lat' dir='ltr'>nostro,</span> <span class='ocrx_word' id='word_1_143' title='bbox 1453 2232 1535 2293; x_wconf 85' lang='lat' dir='ltr'>inter</span> 
     </span>
     <span class='ocr_line' id='line_1_17' title="bbox 269 2337 1532 2420; baseline -0.004 -18"><span class='ocrx_word' id='word_1_144' title='bbox 269 2341 418 2402; x_wconf 91' lang='lat' dir='ltr'>similiter</span> <span class='ocrx_word' id='word_1_145' title='bbox 441 2343 551 2403; x_wconf 88' lang='lat' dir='ltr'>vineas</span> <span class='ocrx_word' id='word_1_146' title='bbox 583 2340 823 2404; x_wconf 88' lang='lat' dir='ltr'>condicionales</span> <span class='ocrx_word' id='word_1_147' title='bbox 855 2342 894 2402; x_wconf 90' lang='lat' dir='ltr'>ab</span> <span class='ocrx_word' id='word_1_148' title='bbox 928 2359 1009 2417; x_wconf 89' lang='lat' dir='ltr'>una,</span> <span class='ocrx_word' id='word_1_149' title='bbox 1043 2337 1193 2400; x_wconf 91' lang='lat' dir='ltr'>videlicet</span> <span class='ocrx_word' id='word_1_150' title='bbox 1224 2338 1489 2420; x_wconf 80' lang='lat' dir='ltr'>septemtrionali,</span> <span class='ocrx_word' id='word_1_151' title='bbox 1517 2357 1532 2398; x_wconf 89' lang='lat' dir='ltr'>a</span> 
     </span>
     <span class='ocr_line' id='line_1_18' title="bbox 270 2443 1534 2529; baseline -0.003 -21"><span class='ocrx_word' id='word_1_152' title='bbox 270 2461 359 2529; x_wconf 89' lang='lat' dir='ltr'>parte</span> <span class='ocrx_word' id='word_1_153' title='bbox 393 2448 556 2510; x_wconf 83' lang='lat' dir='ltr'>Benedicti</span> <span class='ocrx_word' id='word_1_154' title='bbox 589 2447 706 2509; x_wconf 91' lang='lat' dir='ltr'>sutoris</span> <span class='ocrx_word' id='word_1_155' title='bbox 731 2446 861 2508; x_wconf 86' lang='lat' dir='ltr'>Gerdek</span> <span class='ocrx_word' id='word_1_156' title='bbox 893 2445 1130 2526; x_wconf 91' lang='lat' dir='ltr'>cognominati,</span> <span class='ocrx_word' id='word_1_157' title='bbox 1163 2445 1304 2506; x_wconf 88' lang='lat' dir='ltr'>concivis</span> <span class='ocrx_word' id='word_1_158' title='bbox 1335 2443 1445 2522; x_wconf 88' lang='lat' dir='ltr'>nostri,</span> <span class='ocrx_word' id='word_1_159' title='bbox 1479 2464 1534 2525; x_wconf 92' lang='lat' dir='ltr'>per</span> 
     </span>
     <span class='ocr_line' id='line_1_19' title="bbox 270 2550 1533 2632; baseline -0.003 -18"><span class='ocrx_word' id='word_1_160' title='bbox 270 2567 373 2615; x_wconf 89' lang='lat' dir='ltr'>metas</span> <span class='ocrx_word' id='word_1_161' title='bbox 397 2554 533 2614; x_wconf 91' lang='lat' dir='ltr'>duarum</span> <span class='ocrx_word' id='word_1_162' title='bbox 558 2555 709 2614; x_wconf 92' lang='lat' dir='ltr'>arborum</span> <span class='ocrx_word' id='word_1_163' title='bbox 728 2553 829 2614; x_wconf 89' lang='lat' dir='ltr'>cerusi</span> <span class='ocrx_word' id='word_1_164' title='bbox 855 2566 885 2613; x_wconf 91' lang='lat' dir='ltr'>et</span> <span class='ocrx_word' id='word_1_165' title='bbox 907 2552 1035 2629; x_wconf 88' lang='lat' dir='ltr'>merusi,</span> <span class='ocrx_word' id='word_1_166' title='bbox 1053 2571 1088 2612; x_wconf 91' lang='lat' dir='ltr'>ac</span> <span class='ocrx_word' id='word_1_167' title='bbox 1113 2551 1195 2612; x_wconf 91' lang='lat' dir='ltr'>inter</span> <span class='ocrx_word' id='word_1_168' title='bbox 1219 2550 1381 2632; x_wconf 91' lang='lat' dir='ltr'>quandam</span> <span class='ocrx_word' id='word_1_169' title='bbox 1406 2551 1533 2611; x_wconf 91' lang='lat' dir='ltr'>vineam</span> 
     </span>
     <span class='ocr_line' id='line_1_20' title="bbox 269 2657 1535 2739; baseline -0.002 -19"><span class='ocrx_word' id='word_1_170' title='bbox 269 2660 428 2720; x_wconf 86' lang='lat' dir='ltr'>desertam</span> <span class='ocrx_word' id='word_1_171' title='bbox 452 2659 711 2721; x_wconf 89' lang='lat' dir='ltr'>condicionalem</span> <span class='ocrx_word' id='word_1_172' title='bbox 737 2659 875 2720; x_wconf 88' lang='lat' dir='ltr'>condam</span> <span class='ocrx_word' id='word_1_173' title='bbox 894 2657 1042 2739; x_wconf 85' lang='lat' dir='ltr'>Gregorii</span> <span class='ocrx_word' id='word_1_174' title='bbox 1060 2657 1200 2739; x_wconf 87' lang='lat' dir='ltr'>agricole</span> <span class='ocrx_word' id='word_1_175' title='bbox 1226 2677 1242 2718; x_wconf 89' lang='lat' dir='ltr'>a</span> <span class='ocrx_word' id='word_1_176' title='bbox 1268 2671 1355 2739; x_wconf 88' lang='lat' dir='ltr'>parte</span> <span class='ocrx_word' id='word_1_177' title='bbox 1381 2657 1535 2718; x_wconf 90' lang='lat' dir='ltr'>meridio-</span> 
     </span>
     <span class='ocr_line' id='line_1_21' title="bbox 270 2761 1532 2845; baseline -0.002 -19"><span class='ocrx_word' id='word_1_178' title='bbox 270 2766 336 2827; x_wconf 88' lang='lat' dir='ltr'>nali</span> <span class='ocrx_word' id='word_1_179' title='bbox 361 2767 465 2844; x_wconf 87' lang='lat' dir='ltr'>sitam,</span> <span class='ocrx_word' id='word_1_180' title='bbox 490 2765 631 2828; x_wconf 88' lang='lat' dir='ltr'>habitam</span> <span class='ocrx_word' id='word_1_181' title='bbox 661 2780 692 2828; x_wconf 92' lang='lat' dir='ltr'>et</span> <span class='ocrx_word' id='word_1_182' title='bbox 723 2767 922 2844; x_wconf 86' lang='lat' dir='ltr'>existentem,</span> <span class='ocrx_word' id='word_1_183' title='bbox 954 2765 1090 2845; x_wconf 91' lang='lat' dir='ltr'>desuper</span> <span class='ocrx_word' id='word_1_184' title='bbox 1121 2785 1138 2826; x_wconf 93' lang='lat' dir='ltr'>a</span> <span class='ocrx_word' id='word_1_185' title='bbox 1165 2764 1215 2825; x_wconf 89' lang='lat' dir='ltr'>via</span> <span class='ocrx_word' id='word_1_186' title='bbox 1247 2764 1423 2841; x_wconf 90' lang='lat' dir='ltr'>communi,</span> <span class='ocrx_word' id='word_1_187' title='bbox 1450 2761 1532 2824; x_wconf 85' lang='lat' dir='ltr'>infra</span> 
     </span>
     <span class='ocr_line' id='line_1_22' title="bbox 270 2869 1535 2953; baseline -0.003 -21"><span class='ocrx_word' id='word_1_188' title='bbox 270 2891 373 2953; x_wconf 90' lang='lat' dir='ltr'>usque</span> <span class='ocrx_word' id='word_1_189' title='bbox 398 2872 538 2933; x_wconf 91' lang='lat' dir='ltr'>rivulum</span> <span class='ocrx_word' id='word_1_190' title='bbox 563 2891 635 2933; x_wconf 92' lang='lat' dir='ltr'>cum</span> <span class='ocrx_word' id='word_1_191' title='bbox 660 2870 800 2952; x_wconf 91' lang='lat' dir='ltr'>virgulto</span> <span class='ocrx_word' id='word_1_192' title='bbox 825 2871 930 2934; x_wconf 88' lang='lat' dir='ltr'>eidem</span> <span class='ocrx_word' id='word_1_193' title='bbox 960 2870 1137 2931; x_wconf 89' lang='lat' dir='ltr'>subiacenti</span> <span class='ocrx_word' id='word_1_194' title='bbox 1166 2890 1198 2930; x_wconf 93' lang='lat' dir='ltr'>se</span> <span class='ocrx_word' id='word_1_195' title='bbox 1223 2869 1461 2947; x_wconf 85' lang='lat' dir='ltr'>extendentem,</span> <span class='ocrx_word' id='word_1_196' title='bbox 1478 2889 1535 2952; x_wconf 92' lang='lat' dir='ltr'>per</span> 
     </span>
     <span class='ocr_line' id='line_1_23' title="bbox 270 2975 1534 3059; baseline -0.002 -21"><span class='ocrx_word' id='word_1_197' title='bbox 270 2978 442 3059; x_wconf 90' lang='lat' dir='ltr'>providum</span> <span class='ocrx_word' id='word_1_198' title='bbox 468 2978 572 3039; x_wconf 92' lang='lat' dir='ltr'>virum</span> <span class='ocrx_word' id='word_1_199' title='bbox 597 2977 761 3039; x_wconf 88' lang='lat' dir='ltr'>Thomam</span> <span class='ocrx_word' id='word_1_200' title='bbox 792 2977 986 3058; x_wconf 88' lang='lat' dir='ltr'>lreniparem</span> <span class='ocrx_word' id='word_1_201' title='bbox 1017 2976 1176 3038; x_wconf 87' lang='lat' dir='ltr'>seniorem</span> <span class='ocrx_word' id='word_1_202' title='bbox 1208 2975 1347 3057; x_wconf 91' lang='lat' dir='ltr'>judicem</span> <span class='ocrx_word' id='word_1_203' title='bbox 1374 2989 1405 3038; x_wconf 92' lang='lat' dir='ltr'>et</span> <span class='ocrx_word' id='word_1_204' title='bbox 1428 2977 1534 3037; x_wconf 91' lang='lat' dir='ltr'>conci-</span> 
     </span>
     <span class='ocr_line' id='line_1_24' title="bbox 267 3082 1535 3164; baseline -0.002 -19"><span class='ocrx_word' id='word_1_205' title='bbox 267 3104 341 3146; x_wconf 90' lang='lat' dir='ltr'>vem</span> <span class='ocrx_word' id='word_1_206' title='bbox 367 3099 511 3147; x_wconf 91' lang='lat' dir='ltr'>nostrum</span> <span class='ocrx_word' id='word_1_207' title='bbox 536 3084 639 3147; x_wconf 90' lang='lat' dir='ltr'>filium</span> <span class='ocrx_word' id='word_1_208' title='bbox 664 3084 805 3164; x_wconf 86' lang='lat' dir='ltr'>Andree,</span> <span class='ocrx_word' id='word_1_209' title='bbox 823 3083 992 3146; x_wconf 90' lang='lat' dir='ltr'>dominum</span> <span class='ocrx_word' id='word_1_210' title='bbox 1023 3097 1054 3146; x_wconf 87' lang='lat' dir='ltr'>et</span> <span class='ocrx_word' id='word_1_211' title='bbox 1070 3083 1220 3144; x_wconf 90' lang='lat' dir='ltr'>maritum</span> <span class='ocrx_word' id='word_1_212' title='bbox 1245 3082 1378 3164; x_wconf 88' lang='lat' dir='ltr'>provide</span> <span class='ocrx_word' id='word_1_213' title='bbox 1403 3083 1535 3143; x_wconf 87' lang='lat' dir='ltr'>domine</span> 
     </span>
     <span class='ocr_line' id='line_1_25' title="bbox 270 3190 1535 3268; baseline -0.003 -14"><span class='ocrx_word' id='word_1_214' title='bbox 270 3193 409 3254; x_wconf 90' lang='lat' dir='ltr'>Barbara</span> <span class='ocrx_word' id='word_1_215' title='bbox 434 3206 546 3254; x_wconf 90' lang='lat' dir='ltr'>vocate</span> <span class='ocrx_word' id='word_1_216' title='bbox 571 3191 635 3253; x_wconf 91' lang='lat' dir='ltr'>filie</span> <span class='ocrx_word' id='word_1_217' title='bbox 653 3193 791 3254; x_wconf 89' lang='lat' dir='ltr'>condam</span> <span class='ocrx_word' id='word_1_218' title='bbox 810 3192 978 3254; x_wconf 87' lang='lat' dir='ltr'>Michaelis</span> <span class='ocrx_word' id='word_1_219' title='bbox 1002 3191 1058 3252; x_wconf 87' lang='lat' dir='ltr'>lilii</span> <span class='ocrx_word' id='word_1_220' title='bbox 1082 3190 1273 3268; x_wconf 83' lang='lat' dir='ltr'>Sebastiam,</span> <span class='ocrx_word' id='word_1_221' title='bbox 1299 3191 1440 3252; x_wconf 87' lang='lat' dir='ltr'>relictam</span> <span class='ocrx_word' id='word_1_222' title='bbox 1459 3209 1535 3252; x_wconf 92' lang='lat' dir='ltr'>vero</span> 
     </span>
     <span class='ocr_line' id='line_1_26' title="bbox 269 3296 1534 3378; baseline -0.002 -19"><span class='ocrx_word' id='word_1_223' title='bbox 269 3299 407 3360; x_wconf 92' lang='lat' dir='ltr'>condam</span> <span class='ocrx_word' id='word_1_224' title='bbox 434 3299 600 3360; x_wconf 88' lang='lat' dir='ltr'>Benedicti</span> <span class='ocrx_word' id='word_1_225' title='bbox 625 3297 790 3378; x_wconf 84' lang='lat' dir='ltr'>aurifabri,</span> <span class='ocrx_word' id='word_1_226' title='bbox 822 3299 900 3359; x_wconf 87' lang='lat' dir='ltr'>alias</span> <span class='ocrx_word' id='word_1_227' title='bbox 933 3297 1024 3377; x_wconf 88' lang='lat' dir='ltr'>jurati</span> <span class='ocrx_word' id='word_1_228' title='bbox 1050 3311 1082 3359; x_wconf 89' lang='lat' dir='ltr'>et</span> <span class='ocrx_word' id='word_1_229' title='bbox 1113 3296 1254 3358; x_wconf 87' lang='lat' dir='ltr'>concivis</span> <span class='ocrx_word' id='word_1_230' title='bbox 1286 3297 1397 3374; x_wconf 90' lang='lat' dir='ltr'>nostri,</span> <span class='ocrx_word' id='word_1_231' title='bbox 1422 3296 1534 3357; x_wconf 90' lang='lat' dir='ltr'>vendi-</span> 
     </span>
     <span class='ocr_line' id='line_1_27' title="bbox 269 3402 1532 3486; baseline -0.002 -21"><span class='ocrx_word' id='word_1_232' title='bbox 269 3419 347 3484; x_wconf 86' lang='lat' dir='ltr'>tam,</span> <span class='ocrx_word' id='word_1_233' title='bbox 372 3405 439 3484; x_wconf 90' lang='lat' dir='ltr'>jure</span> <span class='ocrx_word' id='word_1_234' title='bbox 466 3417 621 3486; x_wconf 88' lang='lat' dir='ltr'>perpetuo</span> <span class='ocrx_word' id='word_1_235' title='bbox 645 3405 817 3466; x_wconf 90' lang='lat' dir='ltr'>tenendam</span> <span class='ocrx_word' id='word_1_236' title='bbox 837 3405 953 3486; x_wconf 87' lang='lat' dir='ltr'>pariter</span> <span class='ocrx_word' id='word_1_237' title='bbox 973 3418 1004 3465; x_wconf 89' lang='lat' dir='ltr'>et</span> <span class='ocrx_word' id='word_1_238' title='bbox 1021 3403 1214 3481; x_wconf 88' lang='lat' dir='ltr'>habendam,</span> <span class='ocrx_word' id='word_1_239' title='bbox 1239 3422 1436 3484; x_wconf 90' lang='lat' dir='ltr'>censumque</span> <span class='ocrx_word' id='word_1_240' title='bbox 1454 3402 1532 3463; x_wconf 85' lang='lat' dir='ltr'>sexti</span> 
     </span>
     <span class='ocr_line' id='line_1_28' title="bbox 269 3509 1530 3594; baseline -0.002 -22"><span class='ocrx_word' id='word_1_241' title='bbox 269 3512 390 3589; x_wconf 87' lang='lat' dir='ltr'>eubuli,</span> <span class='ocrx_word' id='word_1_242' title='bbox 415 3513 470 3592; x_wconf 90' lang='lat' dir='ltr'>qui</span> <span class='ocrx_word' id='word_1_243' title='bbox 484 3511 524 3572; x_wconf 82' lang='lat' dir='ltr'>de</span> <span class='ocrx_word' id='word_1_244' title='bbox 549 3511 662 3572; x_wconf 87' lang='lat' dir='ltr'>eadem</span> <span class='ocrx_word' id='word_1_245' title='bbox 679 3511 772 3572; x_wconf 90' lang='lat' dir='ltr'>vinea</span> <span class='ocrx_word' id='word_1_246' title='bbox 796 3511 1017 3593; x_wconf 85' lang='lat' dir='ltr'>proveniebat,</span> <span class='ocrx_word' id='word_1_247' title='bbox 1036 3511 1184 3572; x_wconf 89' lang='lat' dir='ltr'>Emerico</span> <span class='ocrx_word' id='word_1_248' title='bbox 1203 3509 1424 3594; x_wconf 82' lang='lat' dir='ltr'>Sydowchych</span> <span class='ocrx_word' id='word_1_249' title='bbox 1444 3509 1530 3570; x_wconf 89' lang='lat' dir='ltr'>dicto</span> 
     </span>
     <span class='ocr_line' id='line_1_29' title="bbox 269 3615 1532 3700; baseline -0.002 -22"><span class='ocrx_word' id='word_1_250' title='bbox 269 3616 337 3678; x_wconf 89' lang='lat' dir='ltr'>filio</span> <span class='ocrx_word' id='word_1_251' title='bbox 362 3617 488 3679; x_wconf 89' lang='lat' dir='ltr'>Nicolai</span> <span class='ocrx_word' id='word_1_252' title='bbox 525 3637 561 3679; x_wconf 90' lang='lat' dir='ltr'>ac</span> <span class='ocrx_word' id='word_1_253' title='bbox 584 3637 640 3700; x_wconf 88' lang='lat' dir='ltr'>per</span> <span class='ocrx_word' id='word_1_254' title='bbox 664 3637 737 3678; x_wconf 92' lang='lat' dir='ltr'>eum</span> <span class='ocrx_word' id='word_1_255' title='bbox 763 3617 827 3678; x_wconf 87' lang='lat' dir='ltr'>suis</span> <span class='ocrx_word' id='word_1_256' title='bbox 859 3616 1031 3678; x_wconf 88' lang='lat' dir='ltr'>heredibus</span> <span class='ocrx_word' id='word_1_257' title='bbox 1055 3618 1094 3677; x_wconf 92' lang='lat' dir='ltr'>de</span> <span class='ocrx_word' id='word_1_258' title='bbox 1127 3636 1225 3678; x_wconf 88' lang='lat' dir='ltr'>censu</span> <span class='ocrx_word' id='word_1_259' title='bbox 1249 3635 1358 3678; x_wconf 88' lang='lat' dir='ltr'>annuo</span> <span class='ocrx_word' id='word_1_260' title='bbox 1382 3615 1532 3677; x_wconf 89' lang='lat' dir='ltr'>videlicet</span> 
     </span>
     <span class='ocr_line' id='line_1_30' title="bbox 268 3719 1525 3806; baseline -0.003 -21"><span class='ocrx_word' id='word_1_261' title='bbox 268 3724 480 3806; x_wconf 86' lang='lat' dir='ltr'>quadraginta</span> <span class='ocrx_word' id='word_1_262' title='bbox 498 3725 647 3786; x_wconf 88' lang='lat' dir='ltr'>denarios</span> <span class='ocrx_word' id='word_1_263' title='bbox 664 3737 910 3802; x_wconf 84' lang='lat' dir='ltr'>commutantes,</span> <span class='ocrx_word' id='word_1_264' title='bbox 928 3723 1129 3804; x_wconf 88' lang='lat' dir='ltr'>eandemque</span> <span class='ocrx_word' id='word_1_265' title='bbox 1147 3723 1274 3783; x_wconf 87' lang='lat' dir='ltr'>vineam</span> <span class='ocrx_word' id='word_1_266' title='bbox 1292 3719 1415 3802; x_wconf 87' lang='lat' dir='ltr'>prelato</span> <span class='ocrx_word' id='word_1_267' title='bbox 1435 3721 1525 3782; x_wconf 87' lang='lat' dir='ltr'>Eme·</span> 
     </span>
     <span class='ocr_line' id='line_1_31' title="bbox 268 3827 1532 3905; baseline -0.002 -16"><span class='ocrx_word' id='word_1_268' title='bbox 268 3830 335 3891; x_wconf 92' lang='lat' dir='ltr'>rico</span> <span class='ocrx_word' id='word_1_269' title='bbox 349 3843 379 3892; x_wconf 90' lang='lat' dir='ltr'>et</span> <span class='ocrx_word' id='word_1_270' title='bbox 392 3831 457 3891; x_wconf 87' lang='lat' dir='ltr'>suis</span> <span class='ocrx_word' id='word_1_271' title='bbox 481 3829 653 3892; x_wconf 90' lang='lat' dir='ltr'>heredibus</span> <span class='ocrx_word' id='word_1_272' title='bbox 670 3830 839 3892; x_wconf 87' lang='lat' dir='ltr'>statuimus</span> <span class='ocrx_word' id='word_1_273' title='bbox 856 3843 886 3890; x_wconf 91' lang='lat' dir='ltr'>et</span> <span class='ocrx_word' id='word_1_274' title='bbox 903 3828 1182 3905; x_wconf 86' lang='lat' dir='ltr'>confirmavimus;</span> <span class='ocrx_word' id='word_1_275' title='bbox 1208 3828 1258 3890; x_wconf 91' lang='lat' dir='ltr'>cui</span> <span class='ocrx_word' id='word_1_276' title='bbox 1273 3828 1345 3888; x_wconf 91' lang='lat' dir='ltr'>data</span> <span class='ocrx_word' id='word_1_277' title='bbox 1371 3841 1416 3888; x_wconf 90' lang='lat' dir='ltr'>est</span> <span class='ocrx_word' id='word_1_278' title='bbox 1440 3827 1532 3888; x_wconf 88' lang='lat' dir='ltr'>litera</span> 
     </span>
     <span class='ocr_line' id='line_1_32' title="bbox 269 3935 886 4018; baseline 0.003 -22"><span class='ocrx_word' id='word_1_279' title='bbox 269 3949 376 3998; x_wconf 91' lang='lat' dir='ltr'>nostre</span> <span class='ocrx_word' id='word_1_280' title='bbox 402 3936 642 3999; x_wconf 89' lang='lat' dir='ltr'>communitatis</span> <span class='ocrx_word' id='word_1_281' title='bbox 667 3935 886 4018; x_wconf 91' lang='lat' dir='ltr'>privilegialis.</span> 
     </span>
    </p>

    <p class='ocr_par' dir='ltr' id='par_1_3' title="bbox 265 4039 1534 5079">
     <span class='ocr_line' id='line_1_33' title="bbox 373 4039 1533 4124; baseline -0.004 -20"><span class='ocrx_word' id='word_1_282' title='bbox 373 4042 471 4116; x_wconf 90' lang='lat' dir='ltr'>Quod</span> <span class='ocrx_word' id='word_1_283' title='bbox 496 4043 571 4124; x_wconf 85' lang='lat' dir='ltr'>quia</span> <span class='ocrx_word' id='word_1_284' title='bbox 596 4062 655 4103; x_wconf 89' lang='lat' dir='ltr'>nos</span> <span class='ocrx_word' id='word_1_285' title='bbox 680 4043 711 4103; x_wconf 93' lang='lat' dir='ltr'>in</span> <span class='ocrx_word' id='word_1_286' title='bbox 735 4056 927 4104; x_wconf 90' lang='lat' dir='ltr'>testamento</span> <span class='ocrx_word' id='word_1_287' title='bbox 951 4042 1031 4103; x_wconf 93' lang='lat' dir='ltr'>olim</span> <span class='ocrx_word' id='word_1_288' title='bbox 1048 4041 1173 4122; x_wconf 89' lang='lat' dir='ltr'>providi</span> <span class='ocrx_word' id='word_1_289' title='bbox 1199 4040 1258 4101; x_wconf 93' lang='lat' dir='ltr'>viri</span> <span class='ocrx_word' id='word_1_290' title='bbox 1285 4040 1427 4118; x_wconf 90' lang='lat' dir='ltr'>Martini,</span> <span class='ocrx_word' id='word_1_291' title='bbox 1452 4039 1533 4100; x_wconf 94' lang='lat' dir='ltr'>olim</span> 
     </span>
     <span class='ocr_line' id='line_1_34' title="bbox 269 4145 1534 4230; baseline -0.002 -21"><span class='ocrx_word' id='word_1_292' title='bbox 269 4147 385 4230; x_wconf 80' lang='lat' dir='ltr'>judicis</span> <span class='ocrx_word' id='word_1_293' title='bbox 409 4162 439 4210; x_wconf 88' lang='lat' dir='ltr'>et</span> <span class='ocrx_word' id='word_1_294' title='bbox 456 4149 598 4210; x_wconf 88' lang='lat' dir='ltr'>concivis</span> <span class='ocrx_word' id='word_1_295' title='bbox 616 4147 727 4227; x_wconf 91' lang='lat' dir='ltr'>nostri,</span> <span class='ocrx_word' id='word_1_296' title='bbox 745 4149 826 4210; x_wconf 89' lang='lat' dir='ltr'>inter</span> <span class='ocrx_word' id='word_1_297' title='bbox 843 4149 903 4209; x_wconf 88' lang='lat' dir='ltr'>alia</span> <span class='ocrx_word' id='word_1_298' title='bbox 918 4149 1058 4209; x_wconf 88' lang='lat' dir='ltr'>seriatim</span> <span class='ocrx_word' id='word_1_299' title='bbox 1078 4147 1258 4228; x_wconf 85' lang='lat' dir='ltr'>conscripta</span> <span class='ocrx_word' id='word_1_300' title='bbox 1275 4146 1415 4208; x_wconf 92' lang='lat' dir='ltr'>vidimus</span> <span class='ocrx_word' id='word_1_301' title='bbox 1433 4145 1534 4207; x_wconf 91' lang='lat' dir='ltr'>conti-</span> 
     </span>
     <span class='ocr_line' id='line_1_35' title="bbox 270 4253 1531 4338; baseline -0.004 -22"><span class='ocrx_word' id='word_1_302' title='bbox 270 4257 349 4334; x_wconf 88' lang='lat' dir='ltr'>neri,</span> <span class='ocrx_word' id='word_1_303' title='bbox 375 4269 408 4317; x_wconf 91' lang='lat' dir='ltr'>ut</span> <span class='ocrx_word' id='word_1_304' title='bbox 433 4256 509 4317; x_wconf 91' lang='lat' dir='ltr'>dum</span> <span class='ocrx_word' id='word_1_305' title='bbox 537 4257 603 4338; x_wconf 89' lang='lat' dir='ltr'>ipse</span> <span class='ocrx_word' id='word_1_306' title='bbox 630 4256 661 4316; x_wconf 93' lang='lat' dir='ltr'>in</span> <span class='ocrx_word' id='word_1_307' title='bbox 687 4255 837 4317; x_wconf 85' lang='lat' dir='ltr'>extremis</span> <span class='ocrx_word' id='word_1_308' title='bbox 873 4255 1059 4332; x_wconf 88' lang='lat' dir='ltr'>laborasset,</span> <span class='ocrx_word' id='word_1_309' title='bbox 1093 4253 1255 4334; x_wconf 88' lang='lat' dir='ltr'>quandam</span> <span class='ocrx_word' id='word_1_310' title='bbox 1281 4253 1416 4314; x_wconf 90' lang='lat' dir='ltr'>domum</span> <span class='ocrx_word' id='word_1_311' title='bbox 1441 4271 1531 4312; x_wconf 88' lang='lat' dir='ltr'>suam</span> 
     </span>
     <span class='ocr_line' id='line_1_36' title="bbox 270 4357 1533 4443; baseline -0.003 -22"><span class='ocrx_word' id='word_1_312' title='bbox 270 4363 301 4422; x_wconf 92' lang='lat' dir='ltr'>in</span> <span class='ocrx_word' id='word_1_313' title='bbox 327 4361 410 4423; x_wconf 89' lang='lat' dir='ltr'>dicta</span> <span class='ocrx_word' id='word_1_314' title='bbox 435 4362 563 4424; x_wconf 89' lang='lat' dir='ltr'>civitate</span> <span class='ocrx_word' id='word_1_315' title='bbox 590 4362 620 4422; x_wconf 93' lang='lat' dir='ltr'>in</span> <span class='ocrx_word' id='word_1_316' title='bbox 646 4361 751 4443; x_wconf 90' lang='lat' dir='ltr'>platea</span> <span class='ocrx_word' id='word_1_317' title='bbox 776 4358 960 4422; x_wconf 86' lang='lat' dir='ltr'>carnificum</span> <span class='ocrx_word' id='word_1_318' title='bbox 987 4361 1017 4420; x_wconf 91' lang='lat' dir='ltr'>in</span> <span class='ocrx_word' id='word_1_319' title='bbox 1041 4359 1203 4420; x_wconf 88' lang='lat' dir='ltr'>vicinitate</span> <span class='ocrx_word' id='word_1_320' title='bbox 1229 4358 1345 4419; x_wconf 91' lang='lat' dir='ltr'>domus</span> <span class='ocrx_word' id='word_1_321' title='bbox 1368 4357 1533 4420; x_wconf 90' lang='lat' dir='ltr'>Valentini</span> 
     </span>
     <span class='ocr_line' id='line_1_37' title="bbox 269 4464 1532 4552; baseline -0.003 -24"><span class='ocrx_word' id='word_1_322' title='bbox 269 4468 409 4548; x_wconf 84' lang='lat' dir='ltr'>agricole</span> <span class='ocrx_word' id='word_1_323' title='bbox 428 4467 646 4552; x_wconf 87' lang='lat' dir='ltr'>Ztoykowych</span> <span class='ocrx_word' id='word_1_324' title='bbox 661 4467 736 4528; x_wconf 94' lang='lat' dir='ltr'>dicti</span> <span class='ocrx_word' id='word_1_325' title='bbox 754 4467 900 4528; x_wconf 91' lang='lat' dir='ltr'>similiter</span> <span class='ocrx_word' id='word_1_326' title='bbox 917 4465 1059 4527; x_wconf 90' lang='lat' dir='ltr'>concivis</span> <span class='ocrx_word' id='word_1_327' title='bbox 1087 4465 1185 4526; x_wconf 92' lang='lat' dir='ltr'>nostri</span> <span class='ocrx_word' id='word_1_328' title='bbox 1211 4477 1242 4526; x_wconf 89' lang='lat' dir='ltr'>et</span> <span class='ocrx_word' id='word_1_329' title='bbox 1258 4464 1337 4525; x_wconf 89' lang='lat' dir='ltr'>duas</span> <span class='ocrx_word' id='word_1_330' title='bbox 1360 4465 1428 4526; x_wconf 89' lang='lat' dir='ltr'>vias</span> <span class='ocrx_word' id='word_1_331' title='bbox 1445 4483 1532 4524; x_wconf 92' lang='lat' dir='ltr'>com-</span> 
     </span>
     <span class='ocr_line' id='line_1_38' title="bbox 272 4569 1531 4653; baseline -0.003 -19"><span class='ocrx_word' id='word_1_332' title='bbox 272 4593 388 4634; x_wconf 90' lang='lat' dir='ltr'>munes</span> <span class='ocrx_word' id='word_1_333' title='bbox 411 4573 554 4636; x_wconf 89' lang='lat' dir='ltr'>habitam</span> <span class='ocrx_word' id='word_1_334' title='bbox 579 4587 611 4636; x_wconf 88' lang='lat' dir='ltr'>et</span> <span class='ocrx_word' id='word_1_335' title='bbox 642 4573 840 4651; x_wconf 86' lang='lat' dir='ltr'>existentem,</span> <span class='ocrx_word' id='word_1_336' title='bbox 871 4573 931 4635; x_wconf 90' lang='lat' dir='ltr'>tria</span> <span class='ocrx_word' id='word_1_337' title='bbox 964 4571 1121 4653; x_wconf 87' lang='lat' dir='ltr'>quartalia</span> <span class='ocrx_word' id='word_1_338' title='bbox 1153 4571 1239 4632; x_wconf 89' lang='lat' dir='ltr'>curie</span> <span class='ocrx_word' id='word_1_339' title='bbox 1264 4570 1304 4631; x_wconf 92' lang='lat' dir='ltr'>ad</span> <span class='ocrx_word' id='word_1_340' title='bbox 1329 4590 1421 4631; x_wconf 88' lang='lat' dir='ltr'>usum</span> <span class='ocrx_word' id='word_1_341' title='bbox 1447 4569 1531 4631; x_wconf 89' lang='lat' dir='ltr'>dicte</span> 
     </span>
     <span class='ocr_line' id='line_1_39' title="bbox 270 4675 1531 4760; baseline -0.003 -20"><span class='ocrx_word' id='word_1_342' title='bbox 270 4679 409 4741; x_wconf 86' lang='lat' dir='ltr'>civitatis</span> <span class='ocrx_word' id='word_1_343' title='bbox 433 4681 465 4741; x_wconf 94' lang='lat' dir='ltr'>in</span> <span class='ocrx_word' id='word_1_344' title='bbox 490 4701 523 4742; x_wconf 92' lang='lat' dir='ltr'>se</span> <span class='ocrx_word' id='word_1_345' title='bbox 548 4680 778 4757; x_wconf 90' lang='lat' dir='ltr'>continentem,</span> <span class='ocrx_word' id='word_1_346' title='bbox 804 4678 940 4760; x_wconf 92' lang='lat' dir='ltr'>provido</span> <span class='ocrx_word' id='word_1_347' title='bbox 964 4693 996 4740; x_wconf 89' lang='lat' dir='ltr'>et</span> <span class='ocrx_word' id='word_1_348' title='bbox 1012 4678 1147 4740; x_wconf 90' lang='lat' dir='ltr'>honesto</span> <span class='ocrx_word' id='word_1_349' title='bbox 1171 4677 1241 4738; x_wconf 91' lang='lat' dir='ltr'>viro</span> <span class='ocrx_word' id='word_1_350' title='bbox 1265 4675 1393 4737; x_wconf 92' lang='lat' dir='ltr'>Thome</span> <span class='ocrx_word' id='word_1_351' title='bbox 1418 4676 1531 4737; x_wconf 89' lang='lat' dir='ltr'>sartori</span> 
     </span>
     <span class='ocr_line' id='line_1_40' title="bbox 272 4783 1531 4864; baseline -0.005 -17"><span class='ocrx_word' id='word_1_352' title='bbox 272 4785 418 4848; x_wconf 87' lang='lat' dir='ltr'>Bradach</span> <span class='ocrx_word' id='word_1_353' title='bbox 437 4787 534 4864; x_wconf 92' lang='lat' dir='ltr'>dicto,</span> <span class='ocrx_word' id='word_1_354' title='bbox 559 4785 766 4847; x_wconf 89' lang='lat' dir='ltr'>inhabitatori</span> <span class='ocrx_word' id='word_1_355' title='bbox 781 4785 864 4846; x_wconf 89' lang='lat' dir='ltr'>dicte</span> <span class='ocrx_word' id='word_1_356' title='bbox 889 4785 1036 4862; x_wconf 91' lang='lat' dir='ltr'>civitatis,</span> <span class='ocrx_word' id='word_1_357' title='bbox 1060 4803 1146 4844; x_wconf 92' lang='lat' dir='ltr'>novo</span> <span class='ocrx_word' id='word_1_358' title='bbox 1164 4783 1288 4845; x_wconf 92' lang='lat' dir='ltr'>concivi</span> <span class='ocrx_word' id='word_1_359' title='bbox 1313 4795 1434 4860; x_wconf 91' lang='lat' dir='ltr'>nostro,</span> <span class='ocrx_word' id='word_1_360' title='bbox 1458 4800 1531 4862; x_wconf 94' lang='lat' dir='ltr'>pro·</span> 
     </span>
     <span class='ocr_line' id='line_1_41' title="bbox 265 4887 1530 4973; baseline -0.005 -21"><span class='ocrx_word' id='word_1_361' title='bbox 265 4893 353 4952; x_wconf 88' lang='lat' dir='ltr'>ximo</span> <span class='ocrx_word' id='word_1_362' title='bbox 377 4905 408 4953; x_wconf 91' lang='lat' dir='ltr'>et</span> <span class='ocrx_word' id='word_1_363' title='bbox 431 4893 673 4973; x_wconf 88' lang='lat' dir='ltr'>consanguineo</span> <span class='ocrx_word' id='word_1_364' title='bbox 697 4911 755 4952; x_wconf 90' lang='lat' dir='ltr'>suo</span> <span class='ocrx_word' id='word_1_365' title='bbox 780 4889 847 4952; x_wconf 86' lang='lat' dir='ltr'>lilio</span> <span class='ocrx_word' id='word_1_366' title='bbox 873 4891 1032 4952; x_wconf 89' lang='lat' dir='ltr'>Francisci</span> <span class='ocrx_word' id='word_1_367' title='bbox 1057 4887 1287 4971; x_wconf 89' lang='lat' dir='ltr'>Mezchethych</span> <span class='ocrx_word' id='word_1_368' title='bbox 1318 4887 1393 4949; x_wconf 91' lang='lat' dir='ltr'>dicti</span> <span class='ocrx_word' id='word_1_369' title='bbox 1419 4901 1449 4948; x_wconf 95' lang='lat' dir='ltr'>et</span> <span class='ocrx_word' id='word_1_370' title='bbox 1473 4906 1530 4969; x_wconf 92' lang='lat' dir='ltr'>per</span> 
     </span>
     <span class='ocr_line' id='line_1_42' title="bbox 268 4993 1530 5079; baseline -0.004 -21"><span class='ocrx_word' id='word_1_371' title='bbox 268 5017 343 5059; x_wconf 90' lang='lat' dir='ltr'>eum</span> <span class='ocrx_word' id='word_1_372' title='bbox 370 4999 435 5059; x_wconf 92' lang='lat' dir='ltr'>suis</span> <span class='ocrx_word' id='word_1_373' title='bbox 459 4999 632 5060; x_wconf 89' lang='lat' dir='ltr'>heredibus</span> <span class='ocrx_word' id='word_1_374' title='bbox 656 4998 826 5079; x_wconf 87' lang='lat' dir='ltr'>legavisset</span> <span class='ocrx_word' id='word_1_375' title='bbox 857 5009 888 5059; x_wconf 90' lang='lat' dir='ltr'>et</span> <span class='ocrx_word' id='word_1_376' title='bbox 919 4997 1092 5058; x_wconf 89' lang='lat' dir='ltr'>dimisisset</span> <span class='ocrx_word' id='word_1_377' title='bbox 1123 5009 1279 5077; x_wconf 90' lang='lat' dir='ltr'>perpetuo</span> <span class='ocrx_word' id='word_1_378' title='bbox 1305 4993 1530 5076; x_wconf 86' lang='lat' dir='ltr'>possidendam</span> 
     </span>
    </p>
   </div>
   <div class='ocr_carea' id='block_1_2' title="bbox 0 0 1926 5802">
    <p class='ocr_par' dir='ltr' id='par_1_4' title="bbox 0 0 1926 5802">
     <span class='ocr_line' id='line_1_43' title="bbox 0 0 1926 5802; baseline 0 0"><span class='ocrx_word' id='word_1_379' title='bbox 0 0 1926 5802; x_wconf 95' lang='lat' dir='ltr'> </span> 
     </span>
    </p>
   </div>
  </div>
 </body>
</html>
