3840 5800
848 511 996 572 Rationes.

374 726 505 788 Andree
530 725 736 787 tubicinatori
756 775 761 788 .
782 774 812 787 ..
836 725 894 788 sol.
920 722 967 786 11⁰.

372 830 449 894 Item
475 833 507 893 in
533 831 613 894 festo
640 832 807 894 Laurencii
832 831 941 914 papira
959 831 1021 891 emi
1040 883 1045 895 .
1065 879 1097 895 ..
1122 831 1181 892 sol.
1208 829 1272 894 Vll.

375 937 453 1002 Item
477 938 529 1000 die
553 939 719 1000 dominico
737 951 819 1020 post,
839 938 910 1000 misi
937 938 1117 1000 Iohannem
1144 936 1311 1020 Gradeczy
1336 952 1367 1000 et
1391 937 1534 999 Blasium

271 1045 484 1128 presbiterum
509 1046 591 1107 clrca
617 1045 798 1121 dominum,
823 1044 862 1105 ad
895 1064 1049 1127 expensas
1074 1044 1223 1109 dedi...
1246 1045 1303 1107 sol.
1330 1043 1377 1107 11⁶.

376 1151 454 1215 Item
481 1151 558 1214 feria
584 1153 696 1233 quinta
720 1152 751 1212 in
774 1150 827 1212 die
852 1151 1096 1233 Assumpcionis
1129 1150 1240 1229 Mane,
1266 1150 1430 1233 Stephano
1456 1170 1534 1212 coco

272 1257 346 1320 dedi
364 1307 371 1321 .
388 1305 420 1322 ..
442 1258 502 1320 sol.
526 1255 652 1321 XXXII.

374 1362 451 1427 Item
485 1363 599 1425 eodem
638 1363 689 1425 die
725 1363 854 1426 Thome
887 1363 1043 1424 Horwath
1080 1363 1112 1423 in
1152 1362 1332 1424 subsidium
1364 1362 1535 1426 dedi...

269 1472 329 1536 sol.
354 1470 416 1534 lll⁰.

371 1576 450 1640 Item
475 1576 590 1640 fossori
616 1577 737 1659 piscine
764 1575 924 1658 lwanycb,
957 1576 1108 1638 dedi...
1133 1575 1202 1637 flor.
1227 1574 1247 1639 I.

371 1683 450 1748 Item
475 1684 552 1746 feria
577 1685 688 1766 quinta
714 1697 844 1745 venerat
868 1684 1000 1766 quidam
1026 1683 1214 1745 mendicans
1238 1683 1277 1744 ad
1303 1681 1456 1745 fabricam
1481 1703 1530 1745 ec-

270 1791 366 1854 clesie
398 1791 532 1873 virginis
564 1791 664 1853 Marie
697 1791 736 1852 de
768 1789 925 1872 superiori
960 1790 1093 1852 lzdencz
1125 1811 1181 1872 per
1206 1790 1332 1852 Turcos
1356 1793 1534 1870 combuste,

267 1913 298 1960 et
322 1898 362 1961 ad
387 1898 523 1960 eandem
549 1897 698 1961 dedi
722 1897 782 1960 sol.
807 1897 843 1958 L.

372 2004 450 2066 Item
476 2003 554 2066 feria
575 2018 661 2065 sexta
680 2004 751 2064 misi
770 2003 957 2084 magistrum
977 2004 1184 2065 Dominicum
1203 2023 1275 2065 cum
1294 2003 1425 2065 homine
1443 2005 1532 2085 regio

268 2111 308 2172 ad
332 2111 567 2194 possessionem
593 2111 705 2188 Pesla,
731 2110 824 2171 etad
850 2129 1004 2192 expensas
1037 2109 1111 2171 dedi
1137 2110 1182 2171 eis
1200 2158 1206 2172 .
1223 2159 1253 2173 ..
1276 2111 1335 2173 sol.
1360 2110 1487 2174 LXXX.

370 2216 448 2281 Item
474 2218 589 2279 eodem
615 2217 667 2279 die
693 2217 765 2278 misi
790 2217 830 2278 ad
856 2215 965 2300 Garyg
998 2218 1177 2299 pisces...
1203 2217 1262 2279 sol.
1286 2217 1354 2280 Xll.

371 2323 450 2386 Item
469 2325 502 2385 in
519 2323 571 2385 die
588 2324 688 2385 sancti
708 2322 859 2406 Stephani
879 2324 962 2405 regis
979 2324 1175 2406 pauperibus
1192 2323 1338 2386 distribui
1357 2373 1364 2385 .
1383 2373 1389 2386 .
1406 2373 1412 2387 .
1429 2324 1478 2387 sol
1494 2325 1532 2386 X.

370 2427 448 2492 Item
474 2428 552 2492 feria
576 2431 688 2512 quinta
713 2431 745 2490 in
770 2429 881 2510 vigilia
900 2431 984 2492 beati
1015 2429 1235 2492 Bartholomei
1260 2431 1332 2492 misi
1357 2430 1397 2492 ad
1423 2431 1532 2515 Garyg

265 2537 369 2618 pisces
385 2587 392 2601 .
410 2585 418 2600 .
436 2581 445 2598 .
469 2536 527 2599 sol.
552 2534 662 2598 xvh.

369 2641 447 2706 Item
473 2640 550 2705 feria
574 2642 714 2704 secunda
731 2655 803 2704 ante
822 2641 937 2703 festum
955 2643 1038 2704 beati
1058 2643 1278 2705 Bartholomei
1296 2663 1368 2705 cum
1395 2644 1528 2726 quibus-

265 2750 338 2812 dam
364 2749 551 2812 hominibus
575 2749 712 2811 condam
738 2749 862 2810 domini
888 2749 948 2810 Job
974 2749 1013 2810 de
1040 2747 1135 2829 Gara,
1153 2751 1224 2811 misi
1243 2749 1282 2811 ad
1300 2751 1378 2812 lane
1398 2751 1527 2813 Petrum

267 2857 365 2937 Oroz,
390 2877 441 2919 cur
466 2856 505 2918 ad
531 2875 685 2938 expensas
709 2855 863 2919 dedi...
888 2856 946 2918 sol.
971 2855 1037 2920 Xll.

369 2961 447 3026 Item
480 2961 558 3024 feria
592 2962 807 3044 quintapost
840 2960 956 3024 festum
990 2963 1227 3025 Decollacionis
1255 2964 1339 3025 beati
1373 2964 1528 3026 Iohannis

264 3071 425 3133 transmisi
450 3069 624 3132 IamIIIares
648 3069 936 3132 Pechwaradenses
960 3069 999 3130 ad
1032 3071 1172 3152 propria,
1205 3069 1298 3132 etad
1332 3071 1391 3133 iter
1415 3091 1526 3133 eorum

266 3177 340 3240 dedi
365 3197 424 3259 pro
449 3177 669 3260 expensis...
695 3177 752 3240 sol.
779 3175 826 3239 llt.

370 3281 446 3346 Item
473 3282 588 3345 eodem
614 3283 666 3344 die
691 3282 829 3344 Iohanni
854 3282 894 3344 de
919 3282 1097 3344 Zalathnolr
1130 3283 1280 3345 dedi...
1306 3283 1364 3345 sol.
1389 3281 1423 3347 1⁰.

371 3389 535 3452 Demetrio
560 3410 752 3472 magno...
778 3390 835 3452 sol.
859 3388 895 3452 l⁰.

370 3497 449 3558 Item
476 3495 625 3558 Michaeli
651 3497 785 3578 agazoni
811 3515 969 3578 equorum
995 3496 1220 3576 magistro
1246 3497 1304 3560 sol.
1329 3497 1364 3559 L.

368 3602 446 3664 Item
471 3602 585 3665 fossori
610 3603 731 3686 piscIne
758 3604 789 3664 in
814 3601 960 3687 lwanych
979 3652 985 3664 .
1005 3651 1034 3664 ..
1059 3602 1117 3665 sol.
1140 3601 1173 3666 1⁰.

366 3709 443 3772 Item
467 3709 545 3773 feria
570 3724 655 3772 sexta
681 3710 752 3770 misi
778 3709 880 3791 pisces
903 3708 943 3770 ad
969 3708 1099 3794 Garygh
1119 3760 1124 3771 .
1144 3757 1174 3771 ..
1200 3710 1259 3772 sol.
1284 3711 1323 3773 X.

368 3816 449 3879 Item
475 3819 507 3878 in
540 3815 621 3878 festo
654 3818 738 3878 beati
772 3815 880 3897 Egidii
909 3815 982 3877 dedi
1016 3817 1055 3876 ud
1088 3831 1242 3878 tecturam
1269 3817 1402 3880 ecclesie
1426 3819 1525 3881 sancti

261 3923 345 3984 Petri
370 3925 429 3984 sub
452 3923 560 4005 Garyg
585 3942 643 4004 pro
669 3923 814 3984 emendis
839 3922 1009 3985 clavis...
1033 3923 1091 3984 sol.
1116 3923 1149 3984 1⁶.

366 4029 444 4092 Item
470 4029 619 4090 miseram
645 4029 788 4090 Blasium
816 4048 955 4090 rasorem
989 4049 1062 4090 cum
1095 4028 1192 4090 lardis
1217 4043 1247 4090 et
1272 4029 1341 4092 aliis
1366 4032 1461 4091 rebus
1486 4029 1524 4091 ad

261 4135 548 4198 PechwaradInum
574 4150 605 4198 et
629 4135 703 4197 dedi
729 4139 757 4198 ei
783 4156 1009 4218 expensas...
1041 4136 1098 4198 sol.
1125 4137 1159 4197 L.

366 4242 443 4304 Item
469 4243 576 4304 abbati
603 4244 695 4305 beate
719 4243 861 4323 VirgInis
886 4243 1052 4325 Zagrabie‚
1085 4263 1143 4324 pro
1169 4244 1400 4324 procuracione
1426 4263 1523 4324 quam

261 4346 336 4411 fecit
359 4368 498 4428 mecum,
523 4349 597 4410 dedi
623 4349 737 4410 eodem
764 4349 815 4411 die
834 4397 841 4411 .
860 4398 893 4412 ..
918 4350 976 4412 sol.
1000 4348 1045 4413 lle.

365 4456 443 4518 Item
467 4457 570 4538 papiri
596 4457 710 4518 libram
736 4457 873 4521 emi...
904 4457 963 4521 sol.
988 4457 1052 4517 Vll.

364 4560 442 4624 Item
467 4561 544 4623 feria
577 4563 673 4624 tercia
707 4577 778 4644 post
810 4562 925 4624 festum
959 4565 1042 4624 beati
1077 4564 1184 4645 Egidii
1217 4584 1273 4646 per
1305 4564 1522 4626 Balthasarem

261 4668 470 4730 castellanum
496 4688 554 4751 pro
589 4669 735 4730 emendis
766 4671 855 4731 vitris
887 4668 1110 4732 fenestralibus
1142 4672 1213 4732 misi
1239 4672 1428 4751 Zagrabiam
1454 4721 1460 4733 .
1486 4721 1491 4733 .
1517 4722 1524 4734 .

261 4775 319 4838 sol.
342 4774 447 4837 llll⁰L.

363 4879 441 4944 Item
466 4901 523 4963 per
540 4882 680 4943 eundem
698 4883 770 4942 misi
787 4881 827 4942 ad
844 4883 1017 4944 emendum
1033 4883 1202 4964 plumbum
1217 4884 1326 4946 album
1346 4935 1351 4947 .
1371 4937 1376 4950 .
1394 4937 1400 4949 .
1418 4887 1476 4949 sol.
1489 4884 1522 4951 lt.

363 4985 440 5049 Item
465 4988 601 5050 Nicolao
625 4989 722 5050 surdo
748 4988 957 5050 curriductori
976 5039 983 5054 .
1000 5039 1031 5054 ..
1056 4990 1114 5057 sol.
1139 4991 1236 5056 XXV.
