<?xml version="1.0" encoding="UTF-8"?>
<!DOCTYPE html PUBLIC "-//W3C//DTD XHTML 1.0 Transitional//EN"
    "http://www.w3.org/TR/xhtml1/DTD/xhtml1-transitional.dtd">
<html xmlns="http://www.w3.org/1999/xhtml" xml:lang="en" lang="en">
 <head>
  <title>
</title>
<meta http-equiv="Content-Type" content="text/html;charset=utf-8" />
  <meta name='ocr-system' content='tesseract 3.04.00' />
  <meta name='ocr-capabilities' content='ocr_page ocr_carea ocr_par ocr_line ocrx_word'/>
</head>
<body>
  <div class='ocr_page' id='page_1' title='image "./monumentahistor19laszgoog_0062.png"; bbox 0 0 3842 5802; ppageno 0'>
   <div class='ocr_carea' id='block_1_1' title="bbox 378 567 1648 2032">
    <p class='ocr_par' dir='ltr' id='par_1_1' title="bbox 388 567 1115 644">
     <span class='ocr_line' id='line_1_1' title="bbox 388 567 1115 644; baseline 0.003 -19"><span class='ocrx_word' id='word_1_1' title='bbox 388 584 425 626; x_wconf 92' lang='lat' dir='ltr'>ro</span> <span class='ocrx_word' id='word_1_2' title='bbox 915 567 1115 644; x_wconf 75' lang='lat' dir='ltr'>Anno1472.</span> 
     </span>
    </p>

    <p class='ocr_par' dir='ltr' id='par_1_2' title="bbox 378 776 1648 2032">
     <span class='ocr_line' id='line_1_2' title="bbox 382 776 1647 862; baseline 0.003 -24"><span class='ocrx_word' id='word_1_3' title='bbox 382 776 557 855; x_wconf 78' lang='lat' dir='ltr'>sumerum,</span> <span class='ocrx_word' id='word_1_4' title='bbox 582 791 613 839; x_wconf 89' lang='lat' dir='ltr'>et</span> <span class='ocrx_word' id='word_1_5' title='bbox 636 779 707 859; x_wconf 88' lang='lat' dir='ltr'>ipso</span> <span class='ocrx_word' id='word_1_6' title='bbox 732 777 843 840; x_wconf 88' lang='lat' dir='ltr'>debito</span> <span class='ocrx_word' id='word_1_7' title='bbox 866 797 985 840; x_wconf 89' lang='lat' dir='ltr'>novem</span> <span class='ocrx_word' id='word_1_8' title='bbox 1009 793 1041 841; x_wconf 89' lang='lat' dir='ltr'>et</span> <span class='ocrx_word' id='word_1_9' title='bbox 1071 779 1180 841; x_wconf 88' lang='lat' dir='ltr'>medio</span> <span class='ocrx_word' id='word_1_10' title='bbox 1212 779 1282 843; x_wconf 88' lang='lat' dir='ltr'>flor.</span> <span class='ocrx_word' id='word_1_11' title='bbox 1314 780 1395 859; x_wconf 88' lang='lat' dir='ltr'>auri,</span> <span class='ocrx_word' id='word_1_12' title='bbox 1419 799 1485 860; x_wconf 94' lang='lat' dir='ltr'>quo</span> <span class='ocrx_word' id='word_1_13' title='bbox 1506 779 1566 862; x_wconf 90' lang='lat' dir='ltr'>ipsi</span> <span class='ocrx_word' id='word_1_14' title='bbox 1593 781 1647 842; x_wconf 89' lang='lat' dir='ltr'>Jo-</span> 
     </span>
     <span class='ocr_line' id='line_1_3' title="bbox 382 884 1648 968; baseline 0.002 -23"><span class='ocrx_word' id='word_1_15' title='bbox 382 884 480 946; x_wconf 89' lang='lat' dir='ltr'>hanni</span> <span class='ocrx_word' id='word_1_16' title='bbox 501 884 600 964; x_wconf 89' lang='lat' dir='ltr'>judici</span> <span class='ocrx_word' id='word_1_17' title='bbox 625 885 742 946; x_wconf 86' lang='lat' dir='ltr'>Bolsak</span> <span class='ocrx_word' id='word_1_18' title='bbox 766 885 853 947; x_wconf 93' lang='lat' dir='ltr'>dicto</span> <span class='ocrx_word' id='word_1_19' title='bbox 885 884 1101 966; x_wconf 81' lang='lat' dir='ltr'>obligabatur,</span> <span class='ocrx_word' id='word_1_20' title='bbox 1135 886 1224 968; x_wconf 93' lang='lat' dir='ltr'>quod</span> <span class='ocrx_word' id='word_1_21' title='bbox 1256 887 1403 949; x_wconf 89' lang='lat' dir='ltr'>debitum</span> <span class='ocrx_word' id='word_1_22' title='bbox 1432 905 1551 948; x_wconf 92' lang='lat' dir='ltr'>novem</span> <span class='ocrx_word' id='word_1_23' title='bbox 1575 906 1648 949; x_wconf 87' lang='lat' dir='ltr'>cum</span> 
     </span>
     <span class='ocr_line' id='line_1_4' title="bbox 382 990 1647 1074; baseline 0.002 -22"><span class='ocrx_word' id='word_1_24' title='bbox 382 991 490 1053; x_wconf 89' lang='lat' dir='ltr'>medio</span> <span class='ocrx_word' id='word_1_25' title='bbox 515 990 584 1054; x_wconf 88' lang='lat' dir='ltr'>flor.</span> <span class='ocrx_word' id='word_1_26' title='bbox 609 992 677 1052; x_wconf 83' lang='lat' dir='ltr'>auri</span> <span class='ocrx_word' id='word_1_27' title='bbox 703 993 769 1074; x_wconf 90' lang='lat' dir='ltr'>ipse</span> <span class='ocrx_word' id='word_1_28' title='bbox 794 991 920 1053; x_wconf 85' lang='lat' dir='ltr'>Blasius</span> <span class='ocrx_word' id='word_1_29' title='bbox 936 991 1032 1073; x_wconf 86' lang='lat' dir='ltr'>judex</span> <span class='ocrx_word' id='word_1_30' title='bbox 1057 993 1163 1054; x_wconf 88' lang='lat' dir='ltr'>eidern</span> <span class='ocrx_word' id='word_1_31' title='bbox 1181 992 1320 1055; x_wconf 89' lang='lat' dir='ltr'>Johanni</span> <span class='ocrx_word' id='word_1_32' title='bbox 1338 993 1455 1054; x_wconf 84' lang='lat' dir='ltr'>Bolssk</span> <span class='ocrx_word' id='word_1_33' title='bbox 1480 993 1647 1074; x_wconf 82' lang='lat' dir='ltr'>persolvit,</span> 
     </span>
     <span class='ocr_line' id='line_1_5' title="bbox 380 1096 1644 1180; baseline 0.002 -22"><span class='ocrx_word' id='word_1_34' title='bbox 380 1111 449 1159; x_wconf 92' lang='lat' dir='ltr'>tum</span> <span class='ocrx_word' id='word_1_35' title='bbox 466 1097 568 1159; x_wconf 86' lang='lat' dir='ltr'>eciam</span> <span class='ocrx_word' id='word_1_36' title='bbox 592 1117 650 1180; x_wconf 91' lang='lat' dir='ltr'>pro</span> <span class='ocrx_word' id='word_1_37' title='bbox 674 1110 748 1160; x_wconf 89' lang='lat' dir='ltr'>octo</span> <span class='ocrx_word' id='word_1_38' title='bbox 772 1096 841 1161; x_wconf 92' lang='lat' dir='ltr'>flor.</span> <span class='ocrx_word' id='word_1_39' title='bbox 866 1099 934 1159; x_wconf 89' lang='lat' dir='ltr'>auri</span> <span class='ocrx_word' id='word_1_40' title='bbox 959 1117 1018 1180; x_wconf 90' lang='lat' dir='ltr'>pro</span> <span class='ocrx_word' id='word_1_41' title='bbox 1035 1099 1196 1180; x_wconf 74' lang='lat' dir='ltr'>premissis</span> <span class='ocrx_word' id='word_1_42' title='bbox 1212 1099 1292 1160; x_wconf 84' lang='lat' dir='ltr'>taxis</span> <span class='ocrx_word' id='word_1_43' title='bbox 1317 1098 1413 1180; x_wconf 79' lang='lat' dir='ltr'>regiis</span> <span class='ocrx_word' id='word_1_44' title='bbox 1436 1112 1467 1160; x_wconf 92' lang='lat' dir='ltr'>et</span> <span class='ocrx_word' id='word_1_45' title='bbox 1490 1098 1562 1159; x_wconf 90' lang='lat' dir='ltr'>aliis</span> <span class='ocrx_word' id='word_1_46' title='bbox 1579 1118 1644 1160; x_wconf 88' lang='lat' dir='ltr'>ser-</span> 
     </span>
     <span class='ocr_line' id='line_1_6' title="bbox 379 1203 1645 1286; baseline 0.002 -24"><span class='ocrx_word' id='word_1_47' title='bbox 379 1203 469 1265; x_wconf 88' lang='lat' dir='ltr'>viciis</span> <span class='ocrx_word' id='word_1_48' title='bbox 481 1204 671 1286; x_wconf 86' lang='lat' dir='ltr'>supradictis</span> <span class='ocrx_word' id='word_1_49' title='bbox 687 1205 876 1286; x_wconf 86' lang='lat' dir='ltr'>opportunis</span> <span class='ocrx_word' id='word_1_50' title='bbox 892 1223 949 1286; x_wconf 90' lang='lat' dir='ltr'>per</span> <span class='ocrx_word' id='word_1_51' title='bbox 965 1204 1105 1266; x_wconf 90' lang='lat' dir='ltr'>eundem</span> <span class='ocrx_word' id='word_1_52' title='bbox 1128 1203 1270 1266; x_wconf 83' lang='lat' dir='ltr'>Blasium</span> <span class='ocrx_word' id='word_1_53' title='bbox 1287 1203 1429 1286; x_wconf 84' lang='lat' dir='ltr'>judicem</span> <span class='ocrx_word' id='word_1_54' title='bbox 1441 1204 1535 1266; x_wconf 92' lang='lat' dir='ltr'>nobis</span> <span class='ocrx_word' id='word_1_55' title='bbox 1548 1204 1645 1285; x_wconf 83' lang='lat' dir='ltr'>assig-</span> 
     </span>
     <span class='ocr_line' id='line_1_7' title="bbox 380 1307 1640 1392; baseline 0.002 -22"><span class='ocrx_word' id='word_1_56' title='bbox 380 1311 472 1388; x_wconf 84' lang='lat' dir='ltr'>natis,</span> <span class='ocrx_word' id='word_1_57' title='bbox 489 1329 525 1372; x_wconf 85' lang='lat' dir='ltr'>ac</span> <span class='ocrx_word' id='word_1_58' title='bbox 541 1330 598 1392; x_wconf 92' lang='lat' dir='ltr'>per</span> <span class='ocrx_word' id='word_1_59' title='bbox 614 1330 674 1372; x_wconf 89' lang='lat' dir='ltr'>nos</span> <span class='ocrx_word' id='word_1_60' title='bbox 697 1311 737 1372; x_wconf 85' lang='lat' dir='ltr'>sd</span> <span class='ocrx_word' id='word_1_61' title='bbox 762 1308 843 1372; x_wconf 82' lang='lat' dir='ltr'>facta</span> <span class='ocrx_word' id='word_1_62' title='bbox 868 1324 975 1372; x_wconf 86' lang='lat' dir='ltr'>nostra</span> <span class='ocrx_word' id='word_1_63' title='bbox 993 1310 1179 1372; x_wconf 84' lang='lat' dir='ltr'>communia</span> <span class='ocrx_word' id='word_1_64' title='bbox 1197 1310 1359 1392; x_wconf 85' lang='lat' dir='ltr'>expositis,</span> <span class='ocrx_word' id='word_1_65' title='bbox 1383 1307 1507 1392; x_wconf 84' lang='lat' dir='ltr'>prefato</span> <span class='ocrx_word' id='word_1_66' title='bbox 1533 1309 1640 1372; x_wconf 83' lang='lat' dir='ltr'>Blasio</span> 
     </span>
     <span class='ocr_line' id='line_1_8' title="bbox 380 1414 1642 1498; baseline -0.001 -21"><span class='ocrx_word' id='word_1_67' title='bbox 380 1416 477 1498; x_wconf 86' lang='lat' dir='ltr'>judici</span> <span class='ocrx_word' id='word_1_68' title='bbox 495 1435 531 1477; x_wconf 84' lang='lat' dir='ltr'>ac</span> <span class='ocrx_word' id='word_1_69' title='bbox 555 1435 611 1498; x_wconf 88' lang='lat' dir='ltr'>per</span> <span class='ocrx_word' id='word_1_70' title='bbox 627 1435 700 1478; x_wconf 89' lang='lat' dir='ltr'>eum</span> <span class='ocrx_word' id='word_1_71' title='bbox 725 1416 791 1478; x_wconf 91' lang='lat' dir='ltr'>suis</span> <span class='ocrx_word' id='word_1_72' title='bbox 815 1416 986 1478; x_wconf 85' lang='lat' dir='ltr'>heredibus</span> <span class='ocrx_word' id='word_1_73' title='bbox 1009 1415 1215 1478; x_wconf 84' lang='lat' dir='ltr'>vendidimus</span> <span class='ocrx_word' id='word_1_74' title='bbox 1232 1430 1263 1478; x_wconf 93' lang='lat' dir='ltr'>et</span> <span class='ocrx_word' id='word_1_75' title='bbox 1286 1416 1455 1478; x_wconf 79' lang='lat' dir='ltr'>statuimus</span> <span class='ocrx_word' id='word_1_76' title='bbox 1478 1414 1547 1496; x_wconf 90' lang='lat' dir='ltr'>jure</span> <span class='ocrx_word' id='word_1_77' title='bbox 1572 1435 1642 1497; x_wconf 91' lang='lat' dir='ltr'>per·</span> 
     </span>
     <span class='ocr_line' id='line_1_9' title="bbox 380 1521 1638 1604; baseline 0.001 -23"><span class='ocrx_word' id='word_1_78' title='bbox 380 1535 478 1604; x_wconf 91' lang='lat' dir='ltr'>petuo</span> <span class='ocrx_word' id='word_1_79' title='bbox 491 1536 522 1584; x_wconf 91' lang='lat' dir='ltr'>et</span> <span class='ocrx_word' id='word_1_80' title='bbox 539 1522 790 1585; x_wconf 84' lang='lat' dir='ltr'>irrevocabiliter</span> <span class='ocrx_word' id='word_1_81' title='bbox 806 1523 981 1584; x_wconf 87' lang='lat' dir='ltr'>tenendum</span> <span class='ocrx_word' id='word_1_82' title='bbox 999 1536 1031 1583; x_wconf 89' lang='lat' dir='ltr'>et</span> <span class='ocrx_word' id='word_1_83' title='bbox 1047 1522 1356 1604; x_wconf 88' lang='lat' dir='ltr'>quomodocumque</span> <span class='ocrx_word' id='word_1_84' title='bbox 1373 1521 1512 1583; x_wconf 91' lang='lat' dir='ltr'>voluerit</span> <span class='ocrx_word' id='word_1_85' title='bbox 1532 1521 1638 1602; x_wconf 87' lang='lat' dir='ltr'>dispo·</span> 
     </span>
     <span class='ocr_line' id='line_1_10' title="bbox 380 1626 1640 1710; baseline -0.001 -22"><span class='ocrx_word' id='word_1_86' title='bbox 380 1628 544 1706; x_wconf 80' lang='lat' dir='ltr'>nendum,</span> <span class='ocrx_word' id='word_1_87' title='bbox 580 1647 675 1710; x_wconf 89' lang='lat' dir='ltr'>super</span> <span class='ocrx_word' id='word_1_88' title='bbox 699 1647 764 1710; x_wconf 94' lang='lat' dir='ltr'>quo</span> <span class='ocrx_word' id='word_1_89' title='bbox 788 1628 878 1689; x_wconf 91' lang='lat' dir='ltr'>litere</span> <span class='ocrx_word' id='word_1_90' title='bbox 904 1643 1010 1689; x_wconf 87' lang='lat' dir='ltr'>nostre</span> <span class='ocrx_word' id='word_1_91' title='bbox 1035 1628 1251 1710; x_wconf 82' lang='lat' dir='ltr'>privilegiales</span> <span class='ocrx_word' id='word_1_92' title='bbox 1279 1627 1384 1690; x_wconf 89' lang='lat' dir='ltr'>eidem</span> <span class='ocrx_word' id='word_1_93' title='bbox 1410 1626 1518 1689; x_wconf 88' lang='lat' dir='ltr'>Blasio</span> <span class='ocrx_word' id='word_1_94' title='bbox 1541 1626 1640 1709; x_wconf 90' lang='lat' dir='ltr'>judici</span> 
     </span>
     <span class='ocr_line' id='line_1_11' title="bbox 379 1734 1638 1818; baseline -0.002 -21"><span class='ocrx_word' id='word_1_95' title='bbox 379 1737 410 1797; x_wconf 95' lang='lat' dir='ltr'>in</span> <span class='ocrx_word' id='word_1_96' title='bbox 428 1735 581 1818; x_wconf 86' lang='lat' dir='ltr'>pendenti</span> <span class='ocrx_word' id='word_1_97' title='bbox 605 1750 679 1798; x_wconf 91' lang='lat' dir='ltr'>sunt</span> <span class='ocrx_word' id='word_1_98' title='bbox 695 1749 859 1812; x_wconf 77' lang='lat' dir='ltr'>emanate3</span> <span class='ocrx_word' id='word_1_99' title='bbox 878 1736 986 1798; x_wconf 90' lang='lat' dir='ltr'>literas</span> <span class='ocrx_word' id='word_1_100' title='bbox 1007 1736 1107 1798; x_wconf 86' lang='lat' dir='ltr'>eciam</span> <span class='ocrx_word' id='word_1_101' title='bbox 1125 1736 1274 1816; x_wconf 87' lang='lat' dir='ltr'>antiquas</span> <span class='ocrx_word' id='word_1_102' title='bbox 1298 1755 1360 1816; x_wconf 92' lang='lat' dir='ltr'>que</span> <span class='ocrx_word' id='word_1_103' title='bbox 1385 1734 1419 1796; x_wconf 91' lang='lat' dir='ltr'>in</span> <span class='ocrx_word' id='word_1_104' title='bbox 1443 1735 1638 1795; x_wconf 88' lang='lat' dir='ltr'>contrarium</span> 
     </span>
     <span class='ocr_line' id='line_1_12' title="bbox 378 1839 1639 1923; baseline -0.002 -20"><span class='ocrx_word' id='word_1_105' title='bbox 378 1841 484 1905; x_wconf 84' lang='lat' dir='ltr'>forent</span> <span class='ocrx_word' id='word_1_106' title='bbox 507 1843 677 1923; x_wconf 82' lang='lat' dir='ltr'>contraire,</span> <span class='ocrx_word' id='word_1_107' title='bbox 701 1863 810 1922; x_wconf 89' lang='lat' dir='ltr'>vanas,</span> <span class='ocrx_word' id='word_1_108' title='bbox 835 1862 950 1922; x_wconf 87' lang='lat' dir='ltr'>cassas,</span> <span class='ocrx_word' id='word_1_109' title='bbox 985 1858 1127 1904; x_wconf 87' lang='lat' dir='ltr'>mortuas</span> <span class='ocrx_word' id='word_1_110' title='bbox 1160 1855 1191 1904; x_wconf 89' lang='lat' dir='ltr'>et</span> <span class='ocrx_word' id='word_1_111' title='bbox 1222 1843 1344 1904; x_wconf 89' lang='lat' dir='ltr'>viribus</span> <span class='ocrx_word' id='word_1_112' title='bbox 1368 1841 1521 1903; x_wconf 81' lang='lat' dir='ltr'>carituras</span> <span class='ocrx_word' id='word_1_113' title='bbox 1544 1839 1639 1901; x_wconf 91' lang='lat' dir='ltr'>relin-</span> 
     </span>
     <span class='ocr_line' id='line_1_13' title="bbox 379 1970 519 2032; baseline 0.007 -21"><span class='ocrx_word' id='word_1_114' title='bbox 379 1970 519 2032; x_wconf 82' lang='lat' dir='ltr'>quimus.</span> 
     </span>
    </p>
   </div>
   <div class='ocr_carea' id='block_1_2' title="bbox 0 0 1926 5802">
    <p class='ocr_par' dir='ltr' id='par_1_3' title="bbox 0 0 1926 5802">
     <span class='ocr_line' id='line_1_14' title="bbox 0 0 1926 5802; baseline 0 5"><span class='ocrx_word' id='word_1_115' title='bbox 0 0 1926 5802; x_wconf 95' lang='lat' dir='ltr'> </span> 
     </span>
    </p>
   </div>
  </div>
 </body>
</html>
