3804 5798
351 793 430 856 ltem
443 794 482 855 ad
500 793 636 856 eandem
652 793 763 854 cistam
781 792 949 875 posuimus
965 811 1078 874 pacem
1096 805 1291 873 argenteam,
1309 792 1507 874 deauratam,

247 920 320 962 cum
344 919 403 961 suo
428 901 648 962 reservatorio.

353 1005 428 1067 Item
454 1005 575 1068 ibidem
593 1004 761 1087 posuimus
778 1003 843 1066 duo
859 1004 1001 1084 salseria,
1015 1024 1114 1066 unum
1132 1017 1319 1086 argenteum
1345 1003 1506 1085 reliquum

247 1112 286 1172 de
310 1111 496 1174 calcedonia
521 1131 593 1174 cum
622 1123 755 1192 argento
780 1125 938 1175 ornatum.

352 1218 430 1280 ltem
443 1232 516 1280 octo
533 1218 689 1280 coclearia
705 1229 867 1300 argentea,
881 1217 1015 1298 optima,
1031 1235 1094 1298 que
1112 1217 1202 1279 cuius
1217 1217 1293 1295 sint,
1312 1215 1507 1297 ignoramus.

351 1324 428 1388 ltem
453 1325 493 1386 ad
518 1325 654 1387 eandem
678 1325 789 1386 cistam
805 1321 971 1406 posuimus
995 1323 1074 1385 duas
1091 1323 1261 1406 amphoras
1287 1323 1435 1402 maiores,
1460 1342 1508 1383 ar·

244 1444 386 1512 gentem,
409 1431 525 1514 partim
550 1450 628 1492 auro
653 1443 791 1493 ornatas.

259 1569 261 1576 ·
352 1535 430 1597 ltem
455 1537 495 1597 ad
520 1535 656 1599 eandem
681 1536 791 1598 cistam
816 1536 985 1618 posuimus
1018 1554 1153 1617 cappam
1186 1535 1340 1596 maiorem
1366 1555 1508 1614 auream,

249 1661 457 1724 purpuream,
482 1663 610 1722 novam,
634 1643 751 1706 coloris
779 1642 964 1724 supradicti,
991 1642 1180 1704 subductam
1212 1641 1376 1724 thaphwta
1399 1642 1509 1720 rubea,

247 1761 278 1810 et
302 1768 399 1810 unam
424 1750 567 1812 tabulam
592 1762 776 1831 argenteam
802 1767 860 1831 pro
877 1748 993 1810 viatico
1016 1748 1242 1830 compositam,
1266 1747 1462 1811 deauratam.

353 1855 432 1918 ltem
457 1856 489 1916 in
524 1855 659 1917 eandem
693 1855 803 1917 cistam
837 1855 1005 1937 posuimus
1035 1855 1176 1916 casulam
1213 1854 1357 1916 eiusdem
1381 1853 1508 1932 coloris,

247 1975 402 2038 auratam,
428 1961 585 2044 optimam
603 1975 634 2022 et
648 1980 776 2040 novam,
795 1979 866 2022 cum
890 1961 1042 2023 omnibus
1064 1961 1129 2022 suis
1145 1961 1327 2022 attinenciis
1350 1961 1390 2022 ad
1414 1961 1507 2022 sacri·

247 2067 353 2130 licium
380 2068 487 2129 altaris
511 2067 755 2149 pertinentibus.

353 2175 431 2236 ltem
456 2175 623 2257 posuimus
648 2193 749 2236 unum
774 2186 925 2235 ornatum
947 2174 1107 2255 integrum
1125 2175 1164 2236 de
1189 2194 1329 2258 purpura
1354 2176 1461 2254 rubea,
1478 2188 1510 2238 et

248 2301 345 2342 unam
368 2300 503 2362 cappam
528 2283 672 2359 rubeam,
697 2295 851 2360 auratam,
877 2293 1062 2342 veteranam
1087 2301 1124 2343 ac
1148 2281 1315 2363 optimam.

354 2388 430 2450 ltem
455 2407 557 2450 unum
582 2401 732 2450 ornatum
764 2389 854 2450 rubei
887 2387 1005 2449 coloris
1037 2387 1076 2449 de
1108 2387 1222 2449 attlacz
1254 2407 1326 2450 cum
1358 2388 1509 2450 omnibus

247 2495 313 2556 suis
336 2494 527 2557 attinenciis.

352 2601 431 2662 ltem
462 2599 641 2662 secundum
674 2615 822 2662 ornatum
856 2602 991 2662 rubeum
1024 2601 1170 2662 similiter
1202 2601 1242 2662 de
1276 2602 1401 2680 attlacz,
1436 2623 1508 2664 curn

246 2709 397 2770 omnibus
420 2709 486 2769 suis
509 2707 699 2786 attinenciis,
723 2727 795 2768 curn
821 2705 968 2786 insigniis
994 2707 1118 2768 domini
1146 2707 1281 2769 Osualdi
1307 2709 1463 2792 episcopi.

352 2815 431 2878 Item
457 2817 590 2878 tercium
616 2827 764 2876 ornatum
783 2815 930 2892 rubeum,
954 2830 1112 2894 auratum,
1129 2816 1302 2898 optimum,
1326 2837 1398 2880 cum
1416 2837 1508 2880 cruce

246 2937 419 3005 gemmata,
443 2943 500 3004 per
524 2921 661 2984 condam
687 2921 856 2983 dominum
883 2920 1060 3002 Georgium
1093 2921 1330 3006 suffraganeum
1355 2925 1395 2986 de
1420 2924 1508 2987 Tho·

248 3031 380 3113 polczlra
405 3030 558 3111 legatum,
582 3028 680 3090 simul
704 3048 778 3090 cum
807 3029 873 3090 suis
897 3029 1087 3092 attinenciis.

352 3136 432 3198 ltem
456 3149 605 3216 quartum
623 3147 772 3196 ornatum
797 3135 837 3196 de
861 3135 975 3196 attlacz
991 3135 1170 3218 pawonacii
1195 3135 1323 3216 coloris,
1348 3137 1509 3218 optimum

248 3257 278 3306 et
300 3261 433 3320 novum,
457 3261 529 3303 cum
554 3241 706 3303 omnibus
729 3241 794 3318 suis
818 3241 1007 3304 attinenciis.

352 3347 430 3410 ltem
455 3347 494 3409 ad
520 3347 657 3409 eandam
682 3348 792 3409 cistam
818 3347 986 3429 posuimus
1013 3361 1152 3429 quatuor
1177 3367 1292 3430 cappas
1316 3369 1374 3430 pro
1399 3349 1509 3412 chora·

246 3470 316 3518 tura
341 3455 381 3516 ad
406 3455 614 3516 solennitates
634 3458 772 3516 maiores
796 3455 1006 3534 necessarias,
1038 3454 1077 3516 de
1109 3475 1249 3537 purpura
1274 3458 1407 3538 optima,
1431 3458 1510 3520 duas

246 3564 362 3622 rubeas
385 3574 416 3623 et
439 3561 517 3622 alias
541 3561 620 3622 duas
641 3560 770 3623 viridas.

352 3665 429 3727 ltenr
454 3665 591 3748 desuper
615 3666 655 3727 ad
679 3667 916 3748 plenitudinem
943 3667 1086 3729 eiusdem
1112 3668 1190 3730 ciste
1215 3667 1382 3749 posuimus
1406 3689 1506 3732 unum

248 3775 382 3852 bonum,
408 3791 541 3850 novum,
565 3772 742 3855 thapetum.

870 3895 882 3922 a

784 3935 796 3962 ἡ
954 3935 967 3962 *

353 4087 430 4151 ltem
456 4089 495 4150 ad
528 4089 706 4151 secundum
739 4089 891 4150 scrinium
925 4088 1024 4150 latum
1060 4105 1090 4152 et
1121 4091 1245 4152 declive
1270 4091 1437 4172 posuimus
1461 4111 1510 4151 res

247 4192 482 4277 infrascriptas:
509 4196 667 4277 imprimis
702 4196 870 4277 posuimus
895 4196 926 4256 in
952 4195 1053 4256 londo
1085 4215 1185 4258 unum
1211 4195 1375 4278 thapetum
1401 4210 1431 4258 et
1455 4197 1509 4258 de·

246 4319 343 4381 super
366 4313 429 4361 tres
453 4315 585 4362 ornatus
609 4321 681 4363 cum
710 4302 862 4363 omnibus
894 4303 960 4362 suis
991 4303 1184 4381 attinenciis,
1217 4303 1299 4364 duos
1331 4303 1509 4384 pawonacii

247 4406 365 4468 coloris
389 4421 420 4469 et
443 4408 578 4470 tercium
605 4407 697 4468 flavei
723 4408 850 4486 coloris,
876 4408 914 4470 de
940 4429 1080 4491 purpura
1104 4410 1237 4490 optima.

353 4513 432 4576 ltem
457 4528 605 4596 quartum
624 4528 772 4576 ornatum
799 4515 837 4576 de
855 4535 995 4597 purpura
1024 4517 1096 4577 alba
1112 4536 1191 4578 auro
1216 4515 1332 4594 thexta,
1356 4536 1510 4580 unacum

246 4639 347 4702 cappa
371 4639 455 4682 nova
481 4635 512 4682 et
536 4621 658 4702 optima
683 4641 755 4682 curn
782 4622 847 4682 suis
871 4623 1061 4684 attinenciis.

355 4724 433 4786 ltem
458 4727 498 4788 ad
523 4727 659 4788 eandem
685 4727 795 4788 cistam
830 4729 998 4809 posuimus
1029 4749 1126 4790 unam
1158 4729 1298 4810 pixidem
1324 4729 1510 4812 oblongam,

246 4847 433 4912 argenteam
458 4835 574 4915 partim
598 4834 796 4912 deauratam,
814 4836 853 4895 ad
872 4855 968 4916 quam
986 4849 1133 4918 tempore
1156 4837 1411 4898 consecracionis
1428 4838 1511 4918 ignis

249 4953 281 5002 et
305 4939 460 5000 crismatis
484 4955 649 5022 ponuntur
674 4960 783 5002 cruces
807 4941 901 5005 cirea.

357 5043 433 5108 Item
460 5046 500 5108 ad
525 5047 659 5110 eandem
686 5043 807 5131 [cistam
839 5048 1006 5131 posuimus
1036 5047 1166 5113 calicem
1199 5066 1331 5111 aureum
1357 5067 1429 5112 cum
1454 5067 1510 5112 sua
