3804 5798
826 594 1009 654 Inventaria.
1483 615 1540 676 ¹57

386 808 475 886 ltem,
501 825 600 868 uuum
626 805 754 868 Missale
773 825 892 868 novum
916 827 988 867 curn
1006 807 1203 884 kalendario,
1220 821 1293 867 ante
1311 805 1432 867 habens
1449 808 1540 868 indu·

280 929 423 976 mentum
441 929 471 976 et
495 914 757 997 preparacionem
783 913 823 973 ad
842 913 970 974 missam
989 926 1019 974 et
1038 911 1272 994 l'rephaciones
1295 932 1367 973 curn
1394 913 1540 992 Canone,

279 1035 310 1084 et
334 1022 445 1102 incipit
468 1039 540 1082 cum
567 1020 692 1082 rubrica
720 1019 771 1080 »ln
798 1019 958 1081 dominica
996 1019 1132 1101 prima«,
1157 1033 1188 1080 et
1213 1020 1243 1080 in
1269 1017 1331 1080 fine
1357 1020 1458 1100 prime
1484 1040 1537 1101 pa·

279 1129 352 1209 gine
377 1127 509 1188 secundi
536 1125 604 1187 lolii
623 1123 693 1188 finit
721 1145 812 1187 teum
830 1126 923 1207 plebe
950 1127 1050 1204 eius«,
1075 1125 1154 1187 etin
1178 1125 1240 1186 fine
1266 1126 1337 1186 libri
1363 1126 1402 1186 de
1427 1126 1540 1186 eadem

279 1235 369 1295 litera
383 1231 452 1295 finit
473 1231 646 1294 »festivitas
660 1231 840 1294 exhibeat«.
866 1232 997 1294 Habens
1014 1233 1142 1292 missam
1168 1232 1207 1293 de
1232 1231 1312 1294 sesto
1337 1231 1542 1294 Visitacionis

279 1340 319 1402 de
344 1340 405 1401 alia
430 1341 531 1402 litera.
597 1417 602 1430 ι

385 1446 474 1524 ltem,
499 1445 627 1508 Omelie
645 1447 728 1508 beati
748 1444 896 1525 Gregorii
922 1445 954 1506 in
979 1465 1044 1507 uno
1062 1445 1240 1524 volumine,
1264 1457 1295 1506 et
1319 1445 1431 1527 incipit
1459 1445 1540 1505 »Re-

279 1551 510 1614 verendissimo
535 1571 571 1614 ac
595 1552 829 1630 sanctissimo«,
854 1565 885 1613 et
909 1551 941 1612 in
969 1550 1031 1612 fine
1050 1551 1151 1633 prime
1171 1551 1287 1634 pagine
1312 1551 1445 1612 secundi
1471 1550 1539 1612 lolii

278 1656 348 1720 finit
374 1658 479 1719 »nolle
504 1656 607 1736 finire,
631 1658 752 1740 quod«,
778 1672 808 1719 et
833 1657 865 1718 in
890 1655 951 1718 fine
977 1658 1049 1719 libri
1079 1656 1148 1719 finit
1175 1657 1330 1718 »suavitas
1355 1671 1385 1718 et
1409 1657 1538 1738 longata

277 1768 346 1840 (sic)
369 1761 546 1826 finiretur«.
1502 1777 1507 1786 ·

386 1869 475 1948 Item,
500 1869 683 1931 Passionale
708 1885 903 1951 sanctorum,
928 1871 1084 1932 caducum
1111 1870 1142 1931 in
1174 1869 1346 1953 principio,
1371 1870 1409 1930 de
1436 1871 1540 1932 littera

279 1977 422 2058 antiqua,
447 1991 634 2058 coopertum
661 1977 699 2038 de
725 1978 883 2040 asseribus
908 1977 1013 2040 nudis.

384 2100 473 2180 Item,
499 2121 600 2163 unum
625 2101 713 2164 aliud
746 2103 875 2164 Missale
906 2101 1053 2164 similiter
1084 2121 1157 2163 cum
1183 2101 1370 2163 kalendario
1394 2115 1477 2180 ante,
1510 2115 1540 2163 et

279 2227 345 2289 quo
369 2208 482 2270 ordine
500 2208 635 2270 dicende
653 2223 728 2270 sunt
747 2208 907 2286 Collecte,
932 2209 1089 2290 incipiens
1105 2206 1253 2269 similiter
1277 2207 1315 2270 de
1339 2209 1465 2270 rubrica
1485 2207 1537 2268 »ln

278 2313 380 2395 prima
405 2314 601 2394 dominica«,
626 2327 656 2376 et
681 2315 713 2376 in
738 2314 800 2378 fine
825 2316 926 2398 prime
952 2315 1067 2396 pagine
1097 2314 1229 2375 secundi
1253 2313 1322 2374 folii
1348 2312 1417 2376 finit
1445 2333 1538 2394 ›cog-

278 2421 463 2500 novimus«,
487 2435 517 2483 et
541 2421 572 2482 in
598 2418 662 2482 fine
687 2421 760 2483 libri
778 2420 848 2482 finit
869 2441 942 2484 cum
960 2421 1086 2482 rubrica
1108 2433 1236 2503 »postea
1255 2433 1440 2502 aspergatur
1457 2439 1539 2502 aqua

278 2526 446 2588 benedicta
471 2541 502 2588 et
526 2541 701 2589 revertatur
724 2527 887 2610 processio
911 2527 951 2588 ad
976 2526 1195 2589 ecclesiam«.-

383 2633 473 2712 ltem,
498 2653 599 2695 unum
625 2634 753 2696 Missale
777 2633 1036 2715 antiquissimum
1071 2633 1213 2695 deletum
1239 2634 1270 2694 in
1296 2634 1398 2715 prima
1423 2633 1540 2716 pagina

278 2753 308 2799 et
332 2737 364 2799 in
387 2737 451 2802 fine
476 2741 577 2822 prime
602 2741 718 2826 pagine
742 2742 874 2803 secundi
905 2739 974 2802 lolii
1007 2739 1077 2802 finit
1105 2741 1265 2802 »inviam
1298 2741 1485 2822 gencium»,
1510 2755 1541 2802 et

278 2845 310 2905 in
336 2843 397 2906 fine
422 2845 495 2908 libri
524 2847 582 2908 »sit
605 2867 732 2929 semper
756 2861 896 2910 tecum«.

384 2952 473 3032 ltem,
498 2973 597 3015 unurn
623 2955 711 3016 aliud
737 2955 878 3034 Missale,
904 2955 935 3016 in
953 2955 1112 3037 principio
1130 2953 1251 3015 habens
1276 2953 1463 3035 preambula
1482 2973 1539 3034 pro

278 3058 372 3119 missa
397 3059 629 3141 competentia,
654 3074 684 3122 et
707 3080 773 3142 quo
798 3060 912 3122 ordine
943 3075 1017 3122 sunt
1048 3061 1182 3122 collecte
1214 3060 1361 3138 dicende,
1386 3079 1458 3120 cum
1484 3062 1537 3120 lra-

279 3163 441 3246 lendari03
466 3165 622 3248 incipiens
648 3186 721 3228 cum
746 3167 872 3227 rubrica
896 3166 1043 3228 similiter
1082 3165 1134 3226 »ln
1160 3165 1262 3246 prima
1287 3165 1483 3243 dominica«,
1508 3179 1538 3226 et

279 3271 309 3330 in
335 3269 396 3332 fine
422 3272 523 3353 prime
548 3273 664 3353 pagine
688 3273 820 3334 secundi
846 3271 914 3335 lolii
944 3271 1014 3334 finit
1042 3273 1198 3334 »invicem
1224 3273 1338 3348 sicut«,
1364 3287 1394 3332 et
1418 3271 1449 3332 in
1477 3271 1538 3332 fine

278 3376 351 3437 libri
376 3378 415 3438 de
440 3379 554 3440 eadem
579 3379 682 3440 littera
708 3378 777 3441 finit
805 3380 886 3441 »vite
915 3378 1075 3458 suffragia.
1103 3379 1160 3439 Per
1184 3378 1388 3442 dominum«.

384 3483 473 3562 ltem,
505 3485 593 3546 aliud
627 3486 753 3548 Missale
786 3485 933 3566 pulcrum
966 3506 1039 3546 curn
1072 3485 1259 3546 kalendario
1288 3497 1318 3545 et
1343 3485 1540 3566 preambulis

279 3590 438 3671 predictis,
457 3591 568 3672 incipit
594 3593 663 3652 »Ad
681 3607 711 3654 te
737 3592 860 3653 levavi«
880 3593 948 3652 sine
966 3593 1092 3653 rubrica
1109 3592 1229 3672 aliqua,
1254 3605 1285 3654 et
1302 3593 1332 3653 in
1358 3590 1420 3652 fine
1438 3591 1539 3671 prime

278 3698 394 3780 pagine
419 3698 550 3759 secundi
576 3697 645 3759 lolii
671 3697 740 3760 finit
768 3719 895 3776 »nam«,
927 3712 958 3760 et
983 3720 1013 3759 tn
1047 3698 1109 3761 fine
1133 3700 1207 3763 libri
1230 3699 1299 3761 finit
1326 3717 1471 3780 »semper
1495 3677 1539 3758 tess

278 3823 362 3868 cunt.
387 3809 524 3884 Amen«,
549 3805 587 3865 de
613 3805 725 3866 eadem
749 3806 863 3869 littera.

384 3911 473 3990 ltem,
498 3931 597 3972 unum
624 3912 710 3972 aliud
734 3912 861 3973 Missale
879 3931 953 3973 curn
971 3911 1159 3974 kalendario
1185 3925 1215 3972 et
1240 3911 1448 3992 preambulis,
1467 3911 1539 3971 Pre-

279 4015 459 4078 lacionibus
483 4031 514 4079 et
537 4016 672 4080 Canone
697 4019 737 4079 ab
754 4033 838 4097 ante,
856 4033 886 4079 et
909 4019 1020 4100 incipit
1044 4038 1116 4079 curn
1143 4019 1268 4079 rubrica
1296 4017 1347 4076 »ln
1375 4017 1538 4078 dominica

278 4124 414 4205 prima«,
439 4137 469 4186 et
487 4126 517 4185 in
536 4123 598 4186 fine
617 4125 718 4207 prime
743 4127 859 4207 pagine
872 4126 1004 4187 secundi
1024 4124 1091 4186 lolii
1118 4125 1186 4186 finit
1208 4139 1259 4186 sut
1284 4125 1486 4185 venientem«
1508 4138 1538 4185 et

278 4231 310 4290 in
335 4228 396 4291 fine
422 4229 494 4292 libri
520 4232 560 4293 de
585 4231 697 4292 eadem
723 4233 826 4293 littera
855 4231 925 4294 finit
945 4245 1092 4292 »maneat
1108 4250 1234 4312 semper
1257 4244 1373 4292 tecum.
1401 4235 1535 4292 Amen«

280 4335 411 4396 Habens
428 4335 557 4398 missam
575 4337 666 4400 beate
685 4337 865 4414 Dorothee;
884 4338 971 4420 quod
989 4338 1116 4399 missale
1134 4337 1333 4419 appellatur:
1352 4336 1538 4398 rotundum.

385 4441 473 4519 ltem,
498 4443 585 4504 aliud
612 4444 738 4504 Missale
771 4464 843 4505 curn
869 4445 1066 4522 kalendario,
1099 4444 1304 4525 preambulis,
1339 4442 1536 4519 Prclacione,

279 4548 415 4611 Cauone
440 4563 471 4610 et
503 4549 632 4610 Exultet
663 4569 735 4611 cum
769 4563 843 4611 nota
863 4551 902 4610 ab
927 4565 1011 4628 ante,
1044 4563 1074 4610 et
1099 4550 1210 4632 incipit
1234 4570 1305 4610 cum
1332 4549 1456 4609 rubrica
1485 4549 1537 4608 »ln

278 4655 380 4736 prima
398 4655 595 4732 dominica«,
620 4669 650 4716 et
675 4657 705 4716 in
730 4655 794 4717 fine
819 4657 921 4736 prime
938 4657 1054 4738 pagine
1071 4656 1202 4716 secundi
1229 4655 1297 4716 lolii
1325 4654 1392 4715 finit
1412 4655 1538 4716 »existis

279 4761 310 4822 in
325 4761 520 4840 desertum«,
534 4776 564 4823 et
589 4782 618 4822 tn
632 4761 695 4824 fine
710 4763 846 4822 missalis
864 4761 933 4824 finit
954 4779 1099 4825 »maneat
1112 4783 1239 4844 semper
1256 4777 1372 4823 tecum.
1399 4767 1537 4839 Amen«,

278 4866 399 4928 habens
424 4869 454 4928 in
480 4867 542 4929 fine
568 4869 741 4950 Sequentia
765 4869 833 4928 sine
859 4883 944 4946 nota,
969 4890 1042 4930 cum
1068 4870 1176 4952 pulcra
1201 4869 1315 4930 littera.

385 4974 474 5052 ltent,
499 4993 598 5034 unum
627 4975 753 5035 Missale
779 4976 885 5055 magni
905 4973 1089 5054 voluminis,
1107 4975 1194 5056 quod
1220 4975 1331 5057 incipit
1355 4974 1394 5034 de
1413 4975 1536 5036 rubrica

281 5079 415 5161 ›lncipit
441 5081 601 5156 missale«,
626 5095 655 5141 et
681 5082 710 5140 in
744 5079 806 5140 fine
838 5081 938 5162 prime
972 5082 1087 5162 pagine
1118 5081 1249 5142 secundi
1276 5081 1343 5142 lolii
1369 5080 1438 5142 finit
1463 5100 1534 5142 cum
