3804 5798
323 770 486 834 Craticula
512 791 574 833 una
600 770 712 834 lerrea.

323 878 441 940 Veruta
466 876 568 940 ferrea
592 878 670 940 duo.

321 984 394 1046 Duo
418 984 547 1066 thapeta
571 985 697 1050 usitata.

321 1089 396 1151 Pale
420 1089 495 1169 due,
519 1110 583 1152 una
608 1091 704 1171 bona,
729 1091 791 1153 alia
815 1091 900 1158 vilis.

320 1193 499 1278 Capiateria
523 1196 600 1260 duo.

259 1319 263 1326 ’
321 1301 464 1386 Bokalya
489 1302 565 1366 due.

319 1407 401 1470 ldrie
426 1409 498 1472 due.

319 1513 439 1576 Patelle
464 1515 526 1576 due
550 1515 627 1578 satis
652 1517 766 1578 usitate
791 1517 897 1580 nimia.

321 1620 509 1682 Mortarium
535 1641 635 1684 unum
660 1623 816 1705 ligneum.

583 1816 663 1878 Rea
696 1829 734 1880 et
766 1819 873 1879 bona
906 1817 954 1880 ad
986 1837 1107 1880 aram.

322 1957 394 2018 Duo
419 1973 607 2020 ornamenta
632 1960 852 2038 sacerdotalia,
882 1980 982 2022 unum
1007 1960 1047 2022 de
1072 1980 1211 2043 purpura
1229 1961 1320 2022 rubei
1345 1961 1473 2042 coloris,

215 2083 355 2140 novum;
381 2064 467 2126 aliud
493 2064 533 2126 de
558 2067 703 2128 kamwka
729 2067 829 2129 eciam
855 2067 945 2128 rubei
971 2067 1098 2146 coloris,
1123 2067 1219 2129 ambo
1244 2086 1316 2128 cum
1342 2069 1477 2130 attinen-

215 2171 272 2231 ciis
297 2189 419 2236 eorum.
972 2178 979 2193 '

319 2276 467 2350 Quatuor
490 2297 607 2360 mappe
631 2277 749 2355 altaris,
779 2279 851 2340 alba
876 2279 916 2340 de
939 2279 1002 2341 tela
1020 2280 1138 2362 partim
1159 2293 1243 2342 texta
1269 2299 1341 2342 cum
1366 2281 1477 2347 serice.

319 2383 466 2444 Secunda
491 2382 530 2444 de
558 2383 692 2445 hernacz
717 2383 813 2446 flavei
838 2385 966 2447 coloris.

317 2490 432 2552 Tereia
458 2490 572 2552 iterum
598 2490 733 2552 hernacz
757 2491 849 2552 rubei
874 2505 905 2554 et
929 2491 1022 2553 flavei
1048 2492 1176 2553 coloris.

319 2595 441 2670 Quarta
466 2596 505 2658 de
531 2597 688 2674 kamwka‚
713 2615 807 2676 nova,
833 2597 934 2659 crocei
960 2597 1088 2660 coloris.

317 2703 390 2763 Duo
415 2701 606 2764 candelabra
627 2721 754 2784 cuprea.

317 2807 447 2870 Miasale
472 2827 573 2869 unum
599 2809 721 2870 bonum
747 2808 778 2869 in
803 2827 1001 2891 pergameno
1026 2809 1188 2892 scriptum.

318 2913 517 2976 Breviarium
541 2934 642 2976 unum
668 2915 701 2975 in
725 2933 931 2997 pergameno.

317 3020 409 3082 Calix
434 3039 516 3082 unus
541 3039 613 3082 cum
639 3035 754 3103 patena
779 3035 810 3082 et
834 3021 1004 3104 corporali.

316 3131 427 3208 Agnus
451 3126 502 3188 dei
528 3147 611 3189 unus
635 3139 666 3189 et
690 3126 755 3189 duo
780 3126 969 3191 faczoletha.

316 3235 385 3296 Due
409 3253 506 3316 parve
530 3234 661 3316 ampule
685 3233 785 3296 vitree
811 3247 842 3295 et
865 3234 1029 3316 plumbee.

315 3339 437 3401 Ladula
463 3359 537 3418 una,
562 3339 669 3421 longa,
696 3359 795 3422 penes
819 3359 918 3418 aram,
943 3341 975 3401 in
1001 3359 1064 3421 qua
1089 3353 1318 3402 conservantur
1342 3353 1475 3403 ornatus

209 3459 241 3507 et
266 3445 326 3506 alia
351 3446 537 3508 necessaria.

317 3551 388 3613 Due
411 3571 567 3634 campane
591 3551 631 3613 ad
655 3571 753 3614 aram.

316 3658 394 3720 ltem
419 3657 601 3722 fenestralia
625 3660 725 3722 vitrea
750 3660 820 3740 tria,
845 3659 954 3721 omnia
980 3661 1074 3722 bona.

316 3765 516 3849 infrascripta
541 3780 615 3828 aunt
638 3765 747 3828 addita
773 3767 832 3848 ipsi
866 3764 1030 3848 prebende
1064 3785 1119 3848 per
1144 3779 1348 3827 executorem
1374 3765 1474 3848 ipsius

209 3871 333 3934 domini
360 3873 515 3935 lobannis
540 3872 578 3933 de
604 3872 724 3935 Pades:

315 3978 391 4040 Item
406 3979 549 4060 quinque
563 3977 706 4040 scultelle
721 3976 761 4039 de
774 3979 911 4057 stanni0‚
926 3979 1050 4056 usitate,
1068 3997 1130 4038 una
1148 3978 1178 4038 in
1197 3989 1284 4060 parte
1303 3989 1349 4039 est
1364 3975 1471 4041 fracta.

315 4086 473 4149 Cantarus
496 4087 644 4148 similiter
668 4085 707 4147 de
724 4086 852 4146 stannio
870 4105 963 4164 unus,
987 4086 1131 4163 usitatus,
1156 4085 1324 4147 continens
1340 4085 1473 4166 pintam.

315 4193 387 4255 Duo
411 4193 548 4255 caldaria
574 4191 675 4254 ferrea
701 4192 843 4273 antiqua.

315 4299 420 4360 Pelvis
444 4299 483 4360 de
508 4318 608 4381 cupro
634 4319 707 4378 una,
740 4298 815 4360 satia
840 4297 956 4361 usitata
981 4311 1011 4360 et
1035 4298 1066 4360 in
1092 4309 1180 4380 parte
1205 4295 1313 4362 fracta.

317 4405 475 4487 Scampna
504 4418 637 4488 septem.

314 4509 390 4573 ltem
417 4531 517 4573 unum
543 4512 684 4574 mensale
710 4512 861 4574 adaram
892 4511 1062 4592 optimum,
1095 4528 1228 4587 novum,
1252 4509 1373 4591 pictum
1398 4528 1470 4571 cum

201 4619 351 4682 floribus.

314 4725 462 4807 Tapetha
486 4745 560 4804 una,
586 4745 679 4805 nova,
708 4727 803 4790 bona.

313 4831 385 4894 Una
410 4852 527 4915 mappa
552 4833 659 4894 altaris
684 4831 724 4894 de
749 4847 831 4910 cute,
861 4831 943 4913 picta
969 4851 1040 4892 cum
1066 4849 1154 4894 auro.

315 4936 386 4999 Una
411 4939 519 5001 tunica
544 4940 686 5020 antiqua,
711 4939 786 5000 satis
811 4937 893 5016 vilis,
916 4938 1035 5000 coloris
1067 4936 1210 4999 celestini
1236 4936 1275 4996 de
1299 4933 1470 4998 themelek.

313 5043 384 5108 Una
409 5045 528 5107 securis
553 5066 660 5128 parva,
684 5045 759 5107 satis
784 5045 864 5109 vilis.

1368 5150 1402 5218 ¹3
