3840 5800
260 745 416 808 famulum
442 767 550 809 meum
576 746 615 808 ad
640 747 840 808 deaurandos
857 748 1014 830 quasdam
1042 767 1142 826 crues,
1167 767 1230 829 que
1249 763 1342 811 erant
1366 749 1447 812 facte
1465 751 1522 813 Za·

257 853 378 934 grabie,
403 853 474 914 misi
499 853 687 934 Zagrabiam
707 901 714 916 .
733 903 765 916 ..
791 853 860 916 flor.
888 851 1011 916 XXXII.

364 959 441 1022 Item
466 959 618 1040 magistro
644 959 787 1020 Fabiano
813 961 969 1021 canonico
987 960 1186 1040 zagrabiensi
1212 960 1252 1021 ad
1277 959 1417 1041 quedam
1435 958 1518 1022 facta

258 1065 298 1126 ad
325 1066 461 1126 Romam
488 1065 636 1128 dedi...
663 1063 732 1129 flor.
756 1061 879 1128 XXXII.

364 1171 519 1233 Reddidit
542 1171 716 1233 castellano
741 1171 942 1252 zagrabiensi
961 1219 968 1233 .
986 1217 1019 1232 ..
1048 1170 1118 1234 flor.
1142 1171 1181 1234 V.

362 1276 442 1339 Item
466 1275 544 1338 feria
568 1289 656 1340 sexta
679 1277 754 1339 dedi
780 1277 929 1340 Ladislao
954 1277 993 1338 de
1020 1278 1183 1359 Byztricze
1201 1325 1208 1341 .
1227 1327 1260 1342 ..
1286 1278 1354 1340 flor.
1379 1277 1416 1342 ll.

363 1383 439 1444 Item
465 1384 497 1444 in
522 1381 602 1445 festo
627 1382 752 1445 Alberti
778 1383 851 1444 dedi
877 1383 908 1444 in
925 1381 1079 1445 Gemlech
1104 1383 1254 1446 Michaeli
1280 1385 1318 1446 de
1345 1384 1464 1447 Ozorai
1482 1386 1521 1446 ad

257 1490 424 1552 sallarium
442 1539 448 1552 .
468 1537 500 1552 ..
526 1490 595 1553 flor.
618 1488 671 1553 XI.

363 1595 502 1658 Iohanni
527 1616 626 1678 parvo
651 1595 862 1657 curridnctori
881 1645 888 1659 .
908 1645 940 1658 ..
964 1596 1024 1662 sol.
1051 1597 1086 1659 L.

364 1701 440 1762 Item
466 1701 499 1763 in
524 1701 606 1764 festo
631 1702 729 1764 Marci
754 1701 829 1762 dedi
859 1703 890 1763 in
917 1701 1072 1765 Gemlech
1106 1702 1248 1783 Georgio
1273 1702 1313 1763 de
1338 1700 1521 1763 Orehowcz

258 1828 315 1890 pro
340 1808 432 1870 dacio
456 1808 555 1870 sancti
582 1805 714 1890 Georgii
733 1806 772 1870 de
797 1808 1016 1869 Zenth·Mihal
1049 1809 1089 1869 ad
1112 1827 1203 1869 suam
1228 1809 1418 1890 porcionem
1443 1827 1516 1890 pro·

257 1915 422 1976 venientes
440 1915 536 1977 dedi.
555 1963 585 1978 ..
609 1915 667 1978 sol.
690 1911 780 1977 Xlll⁶.

365 2021 442 2081 Item
468 2019 579 2081 fossati
604 2021 724 2103 piscine
750 2021 789 2081 de
813 2018 961 2102 lwanych
980 2069 986 2081 .
1004 2069 1035 2083 ..
1064 2021 1121 2084 sol.
1146 2019 1193 2083 11⁰.

362 2127 440 2189 Item
465 2128 598 2188 sabbato
622 2127 771 2209 proximo
788 2139 859 2208 post
877 2124 999 2203 festum!
1011 2127 1120 2206 Marci,
1139 2125 1365 2188 prebendariis
1388 2127 1521 2188 ecclesie

257 2233 453 2294 chasmensis
477 2253 536 2316 pro
560 2233 665 2294 missis
688 2233 882 2294 annualibus
899 2233 1022 2294 domini
1051 2233 1196 2296 dedi...
1223 2234 1281 2296 sol.
1307 2230 1432 2296 XXVI⁶.

362 2337 441 2402 Item
468 2339 583 2402 eodem
620 2351 765 2420 tempore
800 2339 948 2400 miseram
974 2339 1014 2400 ad
1046 2339 1207 2400 nundinas
1239 2339 1373 2400 lzdencz
1395 2338 1519 2401 Antho-

258 2447 348 2507 nium
366 2465 519 2528 magnum
538 2465 596 2527 pro
614 2444 759 2506 emendis
777 2445 880 2506 bobus
897 2445 981 2507 etad
994 2465 1148 2527 expensas
1161 2445 1235 2507 dedi
1261 2446 1289 2506 ei
1307 2495 1314 2508 .
1331 2494 1337 2508 .
1355 2494 1361 2507 .
1378 2445 1436 2508 sol.
1453 2443 1520 2508 XL.

361 2551 438 2612 ltern
465 2549 542 2613 feria
567 2550 706 2612 secunda
731 2563 803 2611 ante
837 2549 953 2612 festum
978 2552 1144 2613 beatorum
1177 2549 1317 2633 Philippi
1342 2565 1373 2613 et
1398 2551 1520 2629 Jacobi‚

257 2658 416 2740 Gregorio
441 2678 560 2739 magno
585 2677 643 2740 pro
675 2657 829 2740 porcione
862 2677 918 2719 sua
951 2658 1034 2720 dacii
1066 2657 1106 2720 de
1131 2657 1350 2720 zenth-Mihal
1375 2658 1521 2720 dedi...
1653 2651 1656 2660 ’

255 2765 313 2828 sol.
336 2762 421 2826 Xllle

362 2869 439 2932 ltem
465 2869 580 2932 eodem
605 2871 658 2933 die
683 2872 746 2934 emi
764 2872 805 2932 ab
830 2869 958 2952 Andrys
975 2890 1072 2932 unam
1090 2871 1214 2953 peciam
1232 2871 1330 2952 panni
1353 2868 1520 2953 simplicis,

256 2976 392 3038 viridis.
412 3025 418 3038 .
438 3025 444 3037 .
470 2976 528 3041 sol.
553 2976 618 3040 Vl⁰.

361 3082 440 3166 ltem
465 3103 537 3144 cum
564 3083 700 3146 domino
726 3083 890 3166 Stephano
914 3083 1058 3165 Chwpor
1074 3102 1133 3164 pro
1157 3081 1352 3163 quibusdam
1378 3083 1521 3164 negociis

255 3190 427 3252 habuimus
444 3190 607 3271 quandam
631 3191 751 3253 dietam
766 3191 916 3268 Charme‚
930 3204 961 3252 et
978 3189 1040 3250 erni
1056 3208 1166 3250 carnes
1176 3189 1327 3251 bovinas.
1343 3237 1350 3251 .
1365 3239 1370 3252 .
1387 3189 1445 3253 sol.
1458 3189 1522 3253 llll.

362 3296 439 3357 Item
473 3295 551 3357 leria
583 3298 681 3359 tercia
713 3311 786 3360 ante
820 3295 937 3358 festum
971 3295 1123 3376 Philippi,
1155 3293 1229 3355 dedi
1255 3294 1376 3356 ibidem
1400 3294 1519 3356 Mathie

257 3402 347 3465 Cbeh
457 3402 515 3466 sol.
537 3401 572 3466 l0.

364 3509 493 3570 Andree
517 3508 653 3591 pixidari
672 3557 678 3571 .
697 3557 729 3570 ..
754 3509 814 3571 sol.
840 3509 874 3570 1⁰.

362 3614 439 3675 ltem
465 3615 580 3676 eodem
599 3614 652 3676 die
676 3633 732 3696 per
751 3613 962 3676 benedictum
980 3612 1020 3674 de
1037 3613 1216 3674 Fodorwcz
1233 3613 1305 3674 misi
1330 3613 1519 3693 Zagrabiam

255 3721 430 3782 castellano
455 3741 513 3803 pro
538 3721 684 3782 emendis
708 3721 797 3783 vitris
821 3720 861 3782 ad
885 3718 1116 3783 fenestras...
1140 3720 1199 3782 sol.
1225 3717 1286 3782 lll⁰.

361 3827 439 3889 Item
466 3847 522 3908 per
547 3826 745 3910 Stephanum
771 3826 916 3889 Thathar
937 3827 1008 3886 misi
1032 3825 1072 3887 ad
1090 3826 1244 3887 emendos
1269 3825 1377 3887 clavos
1400 3825 1520 3888 ferreos

255 3953 313 4014 pro
338 3933 472 4015 capella,
497 3932 577 3995 vitra
602 3931 730 3996 luerunt
754 3945 861 4014 empta
885 3951 941 4015 per
966 3951 1020 3994 eos
1051 3932 1199 3994 similiter
1223 3930 1263 3992 ad
1287 3929 1519 3994 fenestras...

257 4038 327 4102 llor.
351 4037 399 4103 111.

361 4143 439 4207 Item
465 4157 538 4227 post
561 4143 679 4206 festum
697 4145 794 4206 Pasce
815 4145 846 4204 in
865 4143 935 4205 loro
960 4144 1090 4204 annuali
1109 4144 1140 4204 in
1159 4143 1308 4225 lwanych
1334 4141 1394 4205 leci
1412 4163 1519 4205 emere

256 4252 313 4312 tria
339 4271 473 4333 peccora
498 4251 694 4328 mactabilia,
718 4269 781 4332 que
803 4264 876 4312 sunt
901 4250 1044 4331 exposita
1069 4251 1101 4310 in
1126 4262 1307 4312 castro...
1331 4251 1389 4312 sol.
1413 4249 1519 4314 llll⁶X.

360 4356 437 4419 Item
463 4377 479 4417 a
504 4357 678 4418 Valentino
703 4357 846 4418 institore
870 4355 911 4417 de
936 4355 1038 4418 Zreda
1063 4355 1126 4416 emi
1151 4355 1261 4437 papiro
1288 4355 1319 4416 in
1345 4354 1426 4417 festo
1445 4355 1517 4417 Phi-

254 4463 411 4546 lippi...
435 4462 493 4525 sol.
518 4463 553 4525 L.

361 4569 411 4629 Ab
437 4569 551 4630 eodem
577 4581 694 4630 eotnnc
719 4569 781 4630 emi
811 4586 940 4628 crocum
959 4617 964 4629 .
985 4617 1016 4630 ..
1042 4567 1100 4630 sol.
1123 4565 1158 4630 l‘.

359 4673 438 4738 Item
463 4675 578 4737 eodem
612 4689 757 4755 ternpore
790 4672 867 4736 feria
900 4675 1012 4755 quinta
1035 4673 1210 4736 Benedicto
1244 4671 1284 4733 de
1309 4673 1517 4751 Fodorowcz‚

254 4800 349 4866 quem
375 4781 481 4842 remisi
507 4782 588 4842 circa
613 4781 793 4858 dominum,
818 4780 892 4841 dedi
917 4781 956 4840 ad
982 4800 1210 4862 expensas...
1235 4779 1294 4842 sol.
1318 4778 1417 4841 XXV.

360 4886 485 4948 Eodem
510 4887 561 4948 die
586 4887 736 4949 Michaeli
762 4905 886 4970 pugnat
910 4907 968 4970 pro
993 4887 1207 4949 serviciis...
1231 4884 1289 4948 sol.
1312 4882 1346 4948 1⁰.

362 4994 440 5059 Item
454 4995 587 5058 sabbato
605 4995 752 5078 sequenti
767 4994 841 5058 dedi
859 4993 977 5057 Mathis
993 4993 1084 5058 Cheb
1103 5012 1161 5075 pro
1175 4992 1332 5078 piscibus.
1361 5041 1367 5056 .
1384 4991 1441 5056 sol.
1454 4990 1519 5054 XL.
