<?xml version="1.0" encoding="UTF-8"?>
<!DOCTYPE html PUBLIC "-//W3C//DTD XHTML 1.0 Transitional//EN"
    "http://www.w3.org/TR/xhtml1/DTD/xhtml1-transitional.dtd">
<html xmlns="http://www.w3.org/1999/xhtml" xml:lang="en" lang="en">
 <head>
  <title>
</title>
<meta http-equiv="Content-Type" content="text/html;charset=utf-8" />
  <meta name='ocr-system' content='tesseract 3.04.00' />
  <meta name='ocr-capabilities' content='ocr_page ocr_carea ocr_par ocr_line ocrx_word'/>
</head>
<body>
  <div class='ocr_page' id='page_1' title='image "./monumentahistor19laszgoog_0131.png"; bbox 0 0 3810 5806; ppageno 0'>
   <div class='ocr_carea' id='block_1_1' title="bbox 634 1644 1133 1746">
    <p class='ocr_par' dir='ltr' id='par_1_1' title="bbox 634 1644 1133 1746">
     <span class='ocr_line' id='line_1_1' title="bbox 634 1644 1133 1746; baseline -0.006 -12"><span class='ocrx_word' id='word_1_1' title='bbox 634 1646 763 1744; x_wconf 81' lang='lat' dir='ltr'>(Anno</span> <span class='ocrx_word' id='word_1_2' title='bbox 790 1644 947 1734; x_wconf 80' lang='lat' dir='ltr'><strong>Domini</strong></span> <span class='ocrx_word' id='word_1_3' title='bbox 975 1645 1133 1746; x_wconf 88' lang='lat' dir='ltr'>lllDlll.)</span> 
     </span>
    </p>
   </div>
   <div class='ocr_carea' id='block_1_2' title="bbox 263 2018 1528 2614">
    <p class='ocr_par' dir='ltr' id='par_1_2' title="bbox 264 2018 1527 2120">
     <span class='ocr_line' id='line_1_2' title="bbox 264 2018 1527 2120; baseline 0.002 -23"><span class='ocrx_word' id='word_1_4' title='bbox 264 2020 353 2097; x_wconf 87' lang='lat' dir='ltr'>ltem</span> <span class='ocrx_word' id='word_1_5' title='bbox 382 2021 415 2096; x_wconf 91' lang='lat' dir='ltr'>in</span> <span class='ocrx_word' id='word_1_6' title='bbox 444 2043 538 2096; x_wconf 91' lang='lat' dir='ltr'>anno</span> <span class='ocrx_word' id='word_1_7' title='bbox 568 2018 709 2095; x_wconf 88' lang='lat' dir='ltr'><strong>Domini</strong></span> <span class='ocrx_word' id='word_1_8' title='bbox 735 2020 923 2096; x_wconf 91' lang='lat' dir='ltr'>millesimo</span> <span class='ocrx_word' id='word_1_9' title='bbox 963 2021 1254 2120; x_wconf 85' lang='lat' dir='ltr'>quingentesimo</span> <span class='ocrx_word' id='word_1_10' title='bbox 1282 2024 1409 2115; x_wconf 83' lang='lat' dir='ltr'>tercia,</span> <span class='ocrx_word' id='word_1_11' title='bbox 1438 2031 1527 2099; x_wconf 87' lang='lat' dir='ltr'>tem-</span> 
     </span>
    </p>

    <p class='ocr_par' dir='ltr' id='par_1_3' title="bbox 263 2142 1523 2244">
     <span class='ocr_line' id='line_1_3' title="bbox 263 2142 1523 2244; baseline 0.001 -24"><span class='ocrx_word' id='word_1_12' title='bbox 263 2169 354 2244; x_wconf 88' lang='lat' dir='ltr'>pore</span> <span class='ocrx_word' id='word_1_13' title='bbox 381 2145 551 2220; x_wconf 87' lang='lat' dir='ltr'>videlicet</span> <span class='ocrx_word' id='word_1_14' title='bbox 578 2143 726 2219; x_wconf 90' lang='lat' dir='ltr'>secundi</span> <span class='ocrx_word' id='word_1_15' title='bbox 750 2142 930 2240; x_wconf 86' lang='lat' dir='ltr'>judicatus</span> <span class='ocrx_word' id='word_1_16' title='bbox 960 2144 1098 2243; x_wconf 88' lang='lat' dir='ltr'>providi</span> <span class='ocrx_word' id='word_1_17' title='bbox 1128 2153 1166 2220; x_wconf 88' lang='lat' dir='ltr'>et</span> <span class='ocrx_word' id='word_1_18' title='bbox 1193 2143 1336 2221; x_wconf 87' lang='lat' dir='ltr'>honesti</span> <span class='ocrx_word' id='word_1_19' title='bbox 1364 2147 1429 2221; x_wconf 90' lang='lat' dir='ltr'>viri</span> <span class='ocrx_word' id='word_1_20' title='bbox 1460 2146 1523 2222; x_wconf 83' lang='lat' dir='ltr'>lili-</span> 
     </span>
    </p>

    <p class='ocr_par' dir='ltr' id='par_1_4' title="bbox 265 2257 1527 2367">
     <span class='ocr_line' id='line_1_4' title="bbox 265 2257 1527 2367; baseline 0.001 -24"><span class='ocrx_word' id='word_1_21' title='bbox 265 2257 398 2344; x_wconf 83' lang='lat' dir='ltr'>chaelis</span> <span class='ocrx_word' id='word_1_22' title='bbox 442 2266 666 2367; x_wconf 87' lang='lat' dir='ltr'>Opprasniclr</span> <span class='ocrx_word' id='word_1_23' title='bbox 703 2265 762 2342; x_wconf 89' lang='lat' dir='ltr'>filii</span> <span class='ocrx_word' id='word_1_24' title='bbox 801 2267 981 2359; x_wconf 86' lang='lat' dir='ltr'>Anthonii,</span> <span class='ocrx_word' id='word_1_25' title='bbox 1025 2267 1186 2344; x_wconf 85' lang='lat' dir='ltr'>moderni</span> <span class='ocrx_word' id='word_1_26' title='bbox 1223 2267 1352 2366; x_wconf 89' lang='lat' dir='ltr'>judicis</span> <span class='ocrx_word' id='word_1_27' title='bbox 1396 2272 1527 2361; x_wconf 80' lang='lat' dir='ltr'>nostri,</span> 
     </span>
    </p>

    <p class='ocr_par' dir='ltr' id='par_1_5' title="bbox 265 2390 1528 2614">
     <span class='ocr_line' id='line_1_5' title="bbox 265 2390 1528 2492; baseline 0.002 -26"><span class='ocrx_word' id='word_1_28' title='bbox 265 2415 417 2490; x_wconf 89' lang='lat' dir='ltr'>presens</span> <span class='ocrx_word' id='word_1_29' title='bbox 445 2399 658 2490; x_wconf 86' lang='lat' dir='ltr'>quaternum</span> <span class='ocrx_word' id='word_1_30' title='bbox 695 2399 754 2465; x_wconf 85' lang='lat' dir='ltr'>est</span> <span class='ocrx_word' id='word_1_31' title='bbox 789 2391 1031 2489; x_wconf 84' lang='lat' dir='ltr'>conscriptum</span> <span class='ocrx_word' id='word_1_32' title='bbox 1068 2390 1160 2466; x_wconf 87' lang='lat' dir='ltr'>feria</span> <span class='ocrx_word' id='word_1_33' title='bbox 1197 2401 1326 2490; x_wconf 85' lang='lat' dir='ltr'>quarta</span> <span class='ocrx_word' id='word_1_34' title='bbox 1365 2395 1528 2492; x_wconf 85' lang='lat' dir='ltr'>proxima</span> 
     </span>
     <span class='ocr_line' id='line_1_6' title="bbox 503 2513 1281 2614; baseline -0.004 -25"><span class='ocrx_word' id='word_1_35' title='bbox 503 2522 588 2590; x_wconf 86' lang='lat' dir='ltr'>ante</span> <span class='ocrx_word' id='word_1_36' title='bbox 616 2513 748 2589; x_wconf 88' lang='lat' dir='ltr'>festum</span> <span class='ocrx_word' id='word_1_37' title='bbox 778 2515 875 2589; x_wconf 85' lang='lat' dir='ltr'>beati</span> <span class='ocrx_word' id='word_1_38' title='bbox 900 2513 1071 2614; x_wconf 75' lang='lat' dir='ltr'>johannis</span> <span class='ocrx_word' id='word_1_39' title='bbox 1101 2514 1281 2614; x_wconf 81' lang='lat' dir='ltr'>Baptista.</span> 
     </span>
    </p>
   </div>
   <div class='ocr_carea' id='block_1_3' title="bbox 818 2779 1010 2861">
    <p class='ocr_par' dir='ltr' id='par_1_6' title="bbox 818 2779 1010 2861">
     <span class='ocr_line' id='line_1_7' title="bbox 818 2779 1010 2861; baseline 0.016 -21"><span class='ocrx_word' id='word_1_40' title='bbox 818 2791 878 2858; x_wconf 86' lang='lat'><em>(21.</em></span> <span class='ocrx_word' id='word_1_41' title='bbox 894 2779 1010 2861; x_wconf 71' lang='lat' dir='ltr'>J&#39;unt&#39;r).</span> 
     </span>
    </p>
   </div>
   <div class='ocr_carea' id='block_1_4' title="bbox 264 2922 1528 3856">
    <p class='ocr_par' dir='ltr' id='par_1_7' title="bbox 264 2922 1528 3856">
     <span class='ocr_line' id='line_1_8' title="bbox 372 2922 1526 3005; baseline 0.001 -21"><span class='ocrx_word' id='word_1_42' title='bbox 372 2922 470 2996; x_wconf 91' lang='lat' dir='ltr'>Quod</span> <span class='ocrx_word' id='word_1_43' title='bbox 495 2923 570 3005; x_wconf 89' lang='lat' dir='ltr'>quia</span> <span class='ocrx_word' id='word_1_44' title='bbox 595 2941 654 2984; x_wconf 90' lang='lat' dir='ltr'>nos</span> <span class='ocrx_word' id='word_1_45' title='bbox 678 2923 892 2984; x_wconf 89' lang='lat' dir='ltr'>communitas</span> <span class='ocrx_word' id='word_1_46' title='bbox 922 2923 1203 3001; x_wconf 88' lang='lat' dir='ltr'>Montisgrecensis</span> <span class='ocrx_word' id='word_1_47' title='bbox 1227 2922 1392 3004; x_wconf 83' lang='lat' dir='ltr'>quoddam</span> <span class='ocrx_word' id='word_1_48' title='bbox 1418 2923 1526 2985; x_wconf 92' lang='lat' dir='ltr'>locum</span> 
     </span>
     <span class='ocr_line' id='line_1_9' title="bbox 265 3029 1527 3112; baseline 0.001 -23"><span class='ocrx_word' id='word_1_49' title='bbox 265 3049 401 3091; x_wconf 88' lang='lat' dir='ltr'>vacuum</span> <span class='ocrx_word' id='word_1_50' title='bbox 427 3049 485 3112; x_wconf 91' lang='lat' dir='ltr'>pro</span> <span class='ocrx_word' id='word_1_51' title='bbox 510 3029 691 3092; x_wconf 87' lang='lat' dir='ltr'>erreccione</span> <span class='ocrx_word' id='word_1_52' title='bbox 716 3029 895 3090; x_wconf 85' lang='lat' dir='ltr'>molendini</span> <span class='ocrx_word' id='word_1_53' title='bbox 921 3029 953 3089; x_wconf 93' lang='lat' dir='ltr'>in</span> <span class='ocrx_word' id='word_1_54' title='bbox 972 3029 1134 3091; x_wconf 90' lang='lat' dir='ltr'>territorio</span> <span class='ocrx_word' id='word_1_55' title='bbox 1159 3045 1302 3090; x_wconf 87' lang='lat' dir='ltr'>nostroa</span> <span class='ocrx_word' id='word_1_56' title='bbox 1327 3030 1527 3112; x_wconf 88' lang='lat' dir='ltr'>septemtrio·</span> 
     </span>
     <span class='ocr_line' id='line_1_10' title="bbox 265 3134 1527 3217; baseline 0 -21"><span class='ocrx_word' id='word_1_57' title='bbox 265 3134 342 3214; x_wconf 90' lang='lat' dir='ltr'>nali,</span> <span class='ocrx_word' id='word_1_58' title='bbox 358 3135 506 3196; x_wconf 86' lang='lat' dir='ltr'>orientali</span> <span class='ocrx_word' id='word_1_59' title='bbox 524 3149 555 3196; x_wconf 91' lang='lat' dir='ltr'>et</span> <span class='ocrx_word' id='word_1_60' title='bbox 571 3135 841 3216; x_wconf 86' lang='lat' dir='ltr'>meridionalique</span> <span class='ocrx_word' id='word_1_61' title='bbox 870 3135 974 3217; x_wconf 90' lang='lat' dir='ltr'>plagis</span> <span class='ocrx_word' id='word_1_62' title='bbox 996 3134 1113 3196; x_wconf 87' lang='lat' dir='ltr'>fluvius</span> <span class='ocrx_word' id='word_1_63' title='bbox 1132 3135 1372 3197; x_wconf 89' lang='lat' dir='ltr'>Medwednicza</span> <span class='ocrx_word' id='word_1_64' title='bbox 1391 3136 1527 3196; x_wconf 88' lang='lat' dir='ltr'>circum·</span> 
     </span>
     <span class='ocr_line' id='line_1_11' title="bbox 266 3241 1524 3324; baseline 0 -22"><span class='ocrx_word' id='word_1_65' title='bbox 266 3261 395 3324; x_wconf 89' lang='lat' dir='ltr'>quaque</span> <span class='ocrx_word' id='word_1_66' title='bbox 419 3241 600 3320; x_wconf 85' lang='lat' dir='ltr'>decurrens,</span> <span class='ocrx_word' id='word_1_67' title='bbox 624 3242 663 3303; x_wconf 90' lang='lat' dir='ltr'>ab</span> <span class='ocrx_word' id='word_1_68' title='bbox 688 3241 879 3303; x_wconf 87' lang='lat' dir='ltr'>occidentali</span> <span class='ocrx_word' id='word_1_69' title='bbox 909 3261 984 3303; x_wconf 89' lang='lat' dir='ltr'>vero</span> <span class='ocrx_word' id='word_1_70' title='bbox 1010 3256 1098 3323; x_wconf 89' lang='lat' dir='ltr'>parte</span> <span class='ocrx_word' id='word_1_71' title='bbox 1123 3243 1173 3302; x_wconf 88' lang='lat' dir='ltr'>via</span> <span class='ocrx_word' id='word_1_72' title='bbox 1198 3243 1391 3320; x_wconf 90' lang='lat' dir='ltr'>communis,</span> <span class='ocrx_word' id='word_1_73' title='bbox 1416 3243 1524 3320; x_wconf 91' lang='lat' dir='ltr'>situm,</span> 
     </span>
     <span class='ocr_line' id='line_1_12' title="bbox 264 3347 1527 3426; baseline -0.001 -17"><span class='ocrx_word' id='word_1_74' title='bbox 264 3348 410 3410; x_wconf 90' lang='lat' dir='ltr'>habitum</span> <span class='ocrx_word' id='word_1_75' title='bbox 428 3361 459 3410; x_wconf 90' lang='lat' dir='ltr'>et</span> <span class='ocrx_word' id='word_1_76' title='bbox 475 3348 673 3426; x_wconf 84' lang='lat' dir='ltr'>existentem,</span> <span class='ocrx_word' id='word_1_77' title='bbox 695 3347 790 3409; x_wconf 91' lang='lat' dir='ltr'>simul</span> <span class='ocrx_word' id='word_1_78' title='bbox 815 3367 887 3408; x_wconf 89' lang='lat' dir='ltr'>cum</span> <span class='ocrx_word' id='word_1_79' title='bbox 905 3347 1057 3408; x_wconf 90' lang='lat' dir='ltr'>omnibus</span> <span class='ocrx_word' id='word_1_80' title='bbox 1075 3347 1219 3409; x_wconf 88' lang='lat' dir='ltr'>eiusdem</span> <span class='ocrx_word' id='word_1_81' title='bbox 1245 3348 1307 3409; x_wconf 90' lang='lat' dir='ltr'>loci</span> <span class='ocrx_word' id='word_1_82' title='bbox 1325 3349 1416 3409; x_wconf 85' lang='lat' dir='ltr'>vacui</span> <span class='ocrx_word' id='word_1_83' title='bbox 1442 3347 1527 3409; x_wconf 94' lang='lat' dir='ltr'>utili-</span> 
     </span>
     <span class='ocr_line' id='line_1_13' title="bbox 264 3451 1528 3536; baseline -0.001 -21"><span class='ocrx_word' id='word_1_84' title='bbox 264 3454 382 3515; x_wconf 84' lang='lat' dir='ltr'>tatibus</span> <span class='ocrx_word' id='word_1_85' title='bbox 406 3467 437 3517; x_wconf 87' lang='lat' dir='ltr'>et</span> <span class='ocrx_word' id='word_1_86' title='bbox 460 3453 666 3536; x_wconf 86' lang='lat' dir='ltr'>pertinenciis</span> <span class='ocrx_word' id='word_1_87' title='bbox 689 3451 846 3515; x_wconf 88' lang='lat' dir='ltr'>universis</span> <span class='ocrx_word' id='word_1_88' title='bbox 870 3453 1000 3533; x_wconf 89' lang='lat' dir='ltr'>egregio</span> <span class='ocrx_word' id='word_1_89' title='bbox 1025 3453 1159 3515; x_wconf 92' lang='lat' dir='ltr'>domino</span> <span class='ocrx_word' id='word_1_90' title='bbox 1186 3454 1323 3516; x_wconf 83' lang='lat' dir='ltr'>iohanni</span> <span class='ocrx_word' id='word_1_91' title='bbox 1343 3454 1463 3515; x_wconf 91' lang='lat' dir='ltr'>Jacobo</span> <span class='ocrx_word' id='word_1_92' title='bbox 1488 3453 1528 3514; x_wconf 94' lang='lat' dir='ltr'>de</span> 
     </span>
     <span class='ocr_line' id='line_1_14' title="bbox 265 3559 1528 3641; baseline 0.002 -21"><span class='ocrx_word' id='word_1_93' title='bbox 265 3559 408 3641; x_wconf 80' lang='lat' dir='ltr'>Angelis,</span> <span class='ocrx_word' id='word_1_94' title='bbox 432 3560 553 3622; x_wconf 85' lang='lat' dir='ltr'>arcium</span> <span class='ocrx_word' id='word_1_95' title='bbox 577 3573 607 3621; x_wconf 89' lang='lat' dir='ltr'>et</span> <span class='ocrx_word' id='word_1_96' title='bbox 632 3560 790 3622; x_wconf 87' lang='lat' dir='ltr'>medicine</span> <span class='ocrx_word' id='word_1_97' title='bbox 815 3559 957 3639; x_wconf 87' lang='lat' dir='ltr'>doctori,</span> <span class='ocrx_word' id='word_1_98' title='bbox 983 3573 1013 3622; x_wconf 89' lang='lat' dir='ltr'>et</span> <span class='ocrx_word' id='word_1_99' title='bbox 1037 3561 1173 3622; x_wconf 92' lang='lat' dir='ltr'>domine</span> <span class='ocrx_word' id='word_1_100' title='bbox 1198 3561 1325 3622; x_wconf 89' lang='lat' dir='ltr'>Milicza</span> <span class='ocrx_word' id='word_1_101' title='bbox 1348 3560 1528 3622; x_wconf 90' lang='lat' dir='ltr'>conthorali</span> 
     </span>
     <span class='ocr_line' id='line_1_15' title="bbox 265 3666 1528 3750; baseline 0.002 -24"><span class='ocrx_word' id='word_1_102' title='bbox 265 3666 421 3744; x_wconf 88' lang='lat' dir='ltr'>eiusdem,</span> <span class='ocrx_word' id='word_1_103' title='bbox 445 3685 481 3728; x_wconf 89' lang='lat' dir='ltr'>ac</span> <span class='ocrx_word' id='word_1_104' title='bbox 506 3687 562 3750; x_wconf 92' lang='lat' dir='ltr'>per</span> <span class='ocrx_word' id='word_1_105' title='bbox 586 3685 641 3727; x_wconf 92' lang='lat' dir='ltr'>eos</span> <span class='ocrx_word' id='word_1_106' title='bbox 665 3666 808 3748; x_wconf 91' lang='lat' dir='ltr'>ipsorum</span> <span class='ocrx_word' id='word_1_107' title='bbox 835 3667 1006 3728; x_wconf 89' lang='lat' dir='ltr'>heredibus</span> <span class='ocrx_word' id='word_1_108' title='bbox 1038 3667 1133 3728; x_wconf 93' lang='lat' dir='ltr'>titulo</span> <span class='ocrx_word' id='word_1_109' title='bbox 1165 3667 1356 3730; x_wconf 80' lang='lat' dir='ltr'>donacionis</span> <span class='ocrx_word' id='word_1_110' title='bbox 1380 3667 1528 3729; x_wconf 90' lang='lat' dir='ltr'>dedimus</span> 
     </span>
     <span class='ocr_line' id='line_1_16' title="bbox 265 3771 1081 3856; baseline 0.002 -22"><span class='ocrx_word' id='word_1_111' title='bbox 265 3785 296 3834; x_wconf 86' lang='lat' dir='ltr'>et</span> <span class='ocrx_word' id='word_1_112' title='bbox 321 3772 539 3854; x_wconf 83' lang='lat' dir='ltr'>inscripsimus</span> <span class='ocrx_word' id='word_1_113' title='bbox 563 3771 631 3854; x_wconf 88' lang='lat' dir='ltr'>jure</span> <span class='ocrx_word' id='word_1_114' title='bbox 655 3787 812 3856; x_wconf 89' lang='lat' dir='ltr'>perpetuo</span> <span class='ocrx_word' id='word_1_115' title='bbox 837 3772 1081 3855; x_wconf 90' lang='lat' dir='ltr'>possidendum.</span> 
     </span>
    </p>
   </div>
   <div class='ocr_carea' id='block_1_5' title="bbox 263 3915 1528 5172">
    <p class='ocr_par' dir='ltr' id='par_1_8' title="bbox 263 3915 1528 5172">
     <span class='ocr_line' id='line_1_17' title="bbox 371 3915 1528 3999; baseline 0.002 -23"><span class='ocrx_word' id='word_1_116' title='bbox 371 3915 469 3989; x_wconf 90' lang='lat' dir='ltr'>Quod</span> <span class='ocrx_word' id='word_1_117' title='bbox 498 3917 574 3997; x_wconf 89' lang='lat' dir='ltr'>quia</span> <span class='ocrx_word' id='word_1_118' title='bbox 605 3915 723 3977; x_wconf 88' lang='lat' dir='ltr'>nobilis</span> <span class='ocrx_word' id='word_1_119' title='bbox 754 3915 906 3978; x_wconf 87' lang='lat' dir='ltr'>dominus</span> <span class='ocrx_word' id='word_1_120' title='bbox 939 3915 1064 3999; x_wconf 87' lang='lat' dir='ltr'>Gywan</span> <span class='ocrx_word' id='word_1_121' title='bbox 1097 3915 1218 3994; x_wconf 81' lang='lat' dir='ltr'>Pastor,</span> <span class='ocrx_word' id='word_1_122' title='bbox 1250 3915 1462 3978; x_wconf 89' lang='lat' dir='ltr'>tricesimator</span> <span class='ocrx_word' id='word_1_123' title='bbox 1497 3929 1528 3978; x_wconf 91' lang='lat' dir='ltr'>et</span> 
     </span>
     <span class='ocr_line' id='line_1_18' title="bbox 264 4021 1528 4104; baseline 0.002 -22"><span class='ocrx_word' id='word_1_124' title='bbox 264 4021 406 4082; x_wconf 88' lang='lat' dir='ltr'>concivis</span> <span class='ocrx_word' id='word_1_125' title='bbox 431 4037 557 4100; x_wconf 89' lang='lat' dir='ltr'>noster,</span> <span class='ocrx_word' id='word_1_126' title='bbox 590 4021 764 4104; x_wconf 89' lang='lat' dir='ltr'>quamdam</span> <span class='ocrx_word' id='word_1_127' title='bbox 798 4023 931 4084; x_wconf 92' lang='lat' dir='ltr'>domum</span> <span class='ocrx_word' id='word_1_128' title='bbox 966 4039 1122 4084; x_wconf 88' lang='lat' dir='ltr'>muratam</span> <span class='ocrx_word' id='word_1_129' title='bbox 1155 4022 1251 4084; x_wconf 90' lang='lat' dir='ltr'>simul</span> <span class='ocrx_word' id='word_1_130' title='bbox 1280 4043 1350 4084; x_wconf 92' lang='lat' dir='ltr'>cum</span> <span class='ocrx_word' id='word_1_131' title='bbox 1377 4023 1528 4084; x_wconf 92' lang='lat' dir='ltr'>omnibus</span> 
     </span>
     <span class='ocr_line' id='line_1_19' title="bbox 264 4127 1528 4210; baseline 0.002 -22"><span class='ocrx_word' id='word_1_132' title='bbox 264 4127 407 4189; x_wconf 88' lang='lat' dir='ltr'>eiusdem</span> <span class='ocrx_word' id='word_1_133' title='bbox 433 4129 649 4210; x_wconf 78' lang='lat' dir='ltr'>(utilitatibus)</span> <span class='ocrx_word' id='word_1_134' title='bbox 667 4128 698 4190; x_wconf 93' lang='lat' dir='ltr'>in</span> <span class='ocrx_word' id='word_1_135' title='bbox 724 4129 806 4190; x_wconf 86' lang='lat' dir='ltr'>dicta</span> <span class='ocrx_word' id='word_1_136' title='bbox 825 4129 952 4191; x_wconf 85' lang='lat' dir='ltr'>civitate</span> <span class='ocrx_word' id='word_1_137' title='bbox 975 4130 1056 4190; x_wconf 91' lang='lat' dir='ltr'>inter</span> <span class='ocrx_word' id='word_1_138' title='bbox 1075 4129 1208 4190; x_wconf 93' lang='lat' dir='ltr'>domum</span> <span class='ocrx_word' id='word_1_139' title='bbox 1234 4129 1362 4190; x_wconf 86' lang='lat' dir='ltr'>Martini</span> <span class='ocrx_word' id='word_1_140' title='bbox 1388 4129 1528 4208; x_wconf 89' lang='lat' dir='ltr'>sartoris,</span> 
     </span>
     <span class='ocr_line' id='line_1_20' title="bbox 263 4233 1527 4317; baseline 0.001 -22"><span class='ocrx_word' id='word_1_141' title='bbox 263 4237 304 4296; x_wconf 89' lang='lat' dir='ltr'>ab</span> <span class='ocrx_word' id='word_1_142' title='bbox 330 4254 402 4314; x_wconf 87' lang='lat' dir='ltr'>una,</span> <span class='ocrx_word' id='word_1_143' title='bbox 427 4235 577 4296; x_wconf 89' lang='lat' dir='ltr'>videlicet</span> <span class='ocrx_word' id='word_1_144' title='bbox 601 4236 640 4295; x_wconf 94' lang='lat' dir='ltr'>ab</span> <span class='ocrx_word' id='word_1_145' title='bbox 664 4235 812 4296; x_wconf 83' lang='lat' dir='ltr'>orientali</span> <span class='ocrx_word' id='word_1_146' title='bbox 838 4250 938 4317; x_wconf 90' lang='lat' dir='ltr'>parte,</span> <span class='ocrx_word' id='word_1_147' title='bbox 963 4236 1002 4296; x_wconf 88' lang='lat' dir='ltr'>ab</span> <span class='ocrx_word' id='word_1_148' title='bbox 1027 4233 1123 4297; x_wconf 84' lang='lat' dir='ltr'>altera</span> <span class='ocrx_word' id='word_1_149' title='bbox 1149 4255 1225 4296; x_wconf 90' lang='lat' dir='ltr'>vero</span> <span class='ocrx_word' id='word_1_150' title='bbox 1250 4249 1350 4317; x_wconf 85' lang='lat' dir='ltr'>parte,</span> <span class='ocrx_word' id='word_1_151' title='bbox 1376 4234 1527 4296; x_wconf 90' lang='lat' dir='ltr'>videlicet</span> 
     </span>
     <span class='ocr_line' id='line_1_21' title="bbox 263 4341 1527 4420; baseline 0 -18"><span class='ocrx_word' id='word_1_152' title='bbox 263 4361 282 4402; x_wconf 87' lang='lat' dir='ltr'>a</span> <span class='ocrx_word' id='word_1_153' title='bbox 306 4341 522 4418; x_wconf 85' lang='lat' dir='ltr'>meridionali,</span> <span class='ocrx_word' id='word_1_154' title='bbox 546 4360 764 4403; x_wconf 90' lang='lat' dir='ltr'>successorum</span> <span class='ocrx_word' id='word_1_155' title='bbox 790 4343 926 4402; x_wconf 88' lang='lat' dir='ltr'>condam</span> <span class='ocrx_word' id='word_1_156' title='bbox 952 4341 1084 4403; x_wconf 89' lang='lat' dir='ltr'>Vericza</span> <span class='ocrx_word' id='word_1_157' title='bbox 1103 4341 1197 4420; x_wconf 90' lang='lat' dir='ltr'>dicte,</span> <span class='ocrx_word' id='word_1_158' title='bbox 1222 4342 1262 4402; x_wconf 90' lang='lat' dir='ltr'>ab</span> <span class='ocrx_word' id='word_1_159' title='bbox 1287 4341 1479 4402; x_wconf 89' lang='lat' dir='ltr'>occidentali</span> <span class='ocrx_word' id='word_1_160' title='bbox 1496 4355 1527 4402; x_wconf 91' lang='lat' dir='ltr'>et</span> 
     </span>
     <span class='ocr_line' id='line_1_22' title="bbox 263 4447 1525 4530; baseline -0.001 -21"><span class='ocrx_word' id='word_1_161' title='bbox 263 4467 280 4509; x_wconf 86' lang='lat' dir='ltr'>a</span> <span class='ocrx_word' id='word_1_162' title='bbox 312 4447 565 4530; x_wconf 80' lang='lat' dir='ltr'>septemtrionali</span> <span class='ocrx_word' id='word_1_163' title='bbox 598 4448 741 4529; x_wconf 90' lang='lat' dir='ltr'>partibus</span> <span class='ocrx_word' id='word_1_164' title='bbox 773 4448 823 4508; x_wconf 89' lang='lat' dir='ltr'>vie</span> <span class='ocrx_word' id='word_1_165' title='bbox 856 4467 1055 4526; x_wconf 88' lang='lat' dir='ltr'>communes,</span> <span class='ocrx_word' id='word_1_166' title='bbox 1088 4447 1229 4508; x_wconf 87' lang='lat' dir='ltr'>habitam</span> <span class='ocrx_word' id='word_1_167' title='bbox 1264 4461 1295 4509; x_wconf 89' lang='lat' dir='ltr'>et</span> <span class='ocrx_word' id='word_1_168' title='bbox 1327 4448 1525 4524; x_wconf 81' lang='lat' dir='ltr'>existentem,</span> 
     </span>
     <span class='ocr_line' id='line_1_23' title="bbox 263 4553 1524 4636; baseline -0.002 -20"><span class='ocrx_word' id='word_1_169' title='bbox 263 4555 403 4616; x_wconf 89' lang='lat' dir='ltr'>mediam</span> <span class='ocrx_word' id='word_1_170' title='bbox 429 4554 548 4616; x_wconf 87' lang='lat' dir='ltr'>curiam</span> <span class='ocrx_word' id='word_1_171' title='bbox 576 4555 607 4614; x_wconf 92' lang='lat' dir='ltr'>in</span> <span class='ocrx_word' id='word_1_172' title='bbox 631 4575 663 4615; x_wconf 90' lang='lat' dir='ltr'>se</span> <span class='ocrx_word' id='word_1_173' title='bbox 688 4555 918 4634; x_wconf 89' lang='lat' dir='ltr'>continentem,</span> <span class='ocrx_word' id='word_1_174' title='bbox 943 4555 1047 4636; x_wconf 91' lang='lat' dir='ltr'>ipsum</span> <span class='ocrx_word' id='word_1_175' title='bbox 1069 4554 1238 4615; x_wconf 90' lang='lat' dir='ltr'>dominum</span> <span class='ocrx_word' id='word_1_176' title='bbox 1257 4553 1382 4635; x_wconf 86' lang='lat' dir='ltr'>Gywsn</span> <span class='ocrx_word' id='word_1_177' title='bbox 1407 4555 1446 4615; x_wconf 91' lang='lat' dir='ltr'>ab</span> <span class='ocrx_word' id='word_1_178' title='bbox 1471 4553 1524 4614; x_wconf 87' lang='lat' dir='ltr'>be-</span> 
     </span>
     <span class='ocr_line' id='line_1_24' title="bbox 263 4659 1525 4743; baseline -0.002 -21"><span class='ocrx_word' id='word_1_179' title='bbox 263 4661 394 4722; x_wconf 88' lang='lat' dir='ltr'>redibus</span> <span class='ocrx_word' id='word_1_180' title='bbox 417 4660 555 4722; x_wconf 90' lang='lat' dir='ltr'>condam</span> <span class='ocrx_word' id='word_1_181' title='bbox 588 4660 777 4722; x_wconf 89' lang='lat' dir='ltr'>Valenthicz</span> <span class='ocrx_word' id='word_1_182' title='bbox 808 4661 986 4743; x_wconf 90' lang='lat' dir='ltr'>empcionis</span> <span class='ocrx_word' id='word_1_183' title='bbox 1018 4660 1113 4722; x_wconf 92' lang='lat' dir='ltr'>titulo</span> <span class='ocrx_word' id='word_1_184' title='bbox 1146 4673 1405 4738; x_wconf 90' lang='lat' dir='ltr'>concernentem‚</span> <span class='ocrx_word' id='word_1_185' title='bbox 1429 4659 1525 4720; x_wconf 90' lang='lat' dir='ltr'>simul</span> 
     </span>
     <span class='ocr_line' id='line_1_25' title="bbox 264 4765 1525 4847; baseline -0.001 -20"><span class='ocrx_word' id='word_1_186' title='bbox 264 4786 336 4828; x_wconf 90' lang='lat' dir='ltr'>cum</span> <span class='ocrx_word' id='word_1_187' title='bbox 361 4767 512 4828; x_wconf 88' lang='lat' dir='ltr'>omnibus</span> <span class='ocrx_word' id='word_1_188' title='bbox 536 4766 680 4828; x_wconf 90' lang='lat' dir='ltr'>eiusdem</span> <span class='ocrx_word' id='word_1_189' title='bbox 706 4767 822 4828; x_wconf 92' lang='lat' dir='ltr'>domus</span> <span class='ocrx_word' id='word_1_190' title='bbox 853 4779 977 4828; x_wconf 81' lang='lat' dir='ltr'>mutate</span> <span class='ocrx_word' id='word_1_191' title='bbox 1002 4766 1206 4842; x_wconf 90' lang='lat' dir='ltr'>utilitatibus,</span> <span class='ocrx_word' id='word_1_192' title='bbox 1240 4765 1350 4826; x_wconf 88' lang='lat' dir='ltr'>usibus</span> <span class='ocrx_word' id='word_1_193' title='bbox 1374 4779 1405 4826; x_wconf 88' lang='lat' dir='ltr'>et</span> <span class='ocrx_word' id='word_1_194' title='bbox 1429 4765 1525 4847; x_wconf 91' lang='lat' dir='ltr'>perti-</span> 
     </span>
     <span class='ocr_line' id='line_1_26' title="bbox 264 4871 1525 4954; baseline -0.002 -20"><span class='ocrx_word' id='word_1_195' title='bbox 264 4874 386 4934; x_wconf 85' lang='lat' dir='ltr'>nenciis</span> <span class='ocrx_word' id='word_1_196' title='bbox 417 4873 574 4934; x_wconf 89' lang='lat' dir='ltr'>universis</span> <span class='ocrx_word' id='word_1_197' title='bbox 605 4873 734 4953; x_wconf 88' lang='lat' dir='ltr'>egregio</span> <span class='ocrx_word' id='word_1_198' title='bbox 767 4873 901 4933; x_wconf 92' lang='lat' dir='ltr'>domino</span> <span class='ocrx_word' id='word_1_199' title='bbox 927 4872 1065 4933; x_wconf 86' lang='lat' dir='ltr'>Johanni</span> <span class='ocrx_word' id='word_1_200' title='bbox 1091 4873 1211 4933; x_wconf 87' lang='lat' dir='ltr'>lacobo</span> <span class='ocrx_word' id='word_1_201' title='bbox 1244 4873 1283 4932; x_wconf 92' lang='lat' dir='ltr'>de</span> <span class='ocrx_word' id='word_1_202' title='bbox 1310 4871 1452 4954; x_wconf 85' lang='lat' dir='ltr'>Angelis,</span> <span class='ocrx_word' id='word_1_203' title='bbox 1476 4891 1525 4932; x_wconf 88' lang='lat' dir='ltr'>ar-</span> 
     </span>
     <span class='ocr_line' id='line_1_27' title="bbox 263 4978 1524 5061; baseline -0.002 -21"><span class='ocrx_word' id='word_1_204' title='bbox 263 4981 347 5041; x_wconf 91' lang='lat' dir='ltr'>cium</span> <span class='ocrx_word' id='word_1_205' title='bbox 374 4994 404 5041; x_wconf 92' lang='lat' dir='ltr'>et</span> <span class='ocrx_word' id='word_1_206' title='bbox 427 4979 587 5041; x_wconf 88' lang='lat' dir='ltr'>medicine</span> <span class='ocrx_word' id='word_1_207' title='bbox 612 4979 747 5057; x_wconf 90' lang='lat' dir='ltr'>doctori,</span> <span class='ocrx_word' id='word_1_208' title='bbox 780 4993 811 5040; x_wconf 91' lang='lat' dir='ltr'>et</span> <span class='ocrx_word' id='word_1_209' title='bbox 843 4979 975 5040; x_wconf 93' lang='lat' dir='ltr'>domine</span> <span class='ocrx_word' id='word_1_210' title='bbox 1009 4979 1145 5061; x_wconf 86' lang='lat' dir='ltr'>Mylicza</span> <span class='ocrx_word' id='word_1_211' title='bbox 1177 4979 1355 5039; x_wconf 85' lang='lat' dir='ltr'>conthorali</span> <span class='ocrx_word' id='word_1_212' title='bbox 1381 4978 1524 5039; x_wconf 87' lang='lat' dir='ltr'>eiusdem</span> 
     </span>
     <span class='ocr_line' id='line_1_28' title="bbox 264 5083 1396 5172; baseline -0.002 -24"><span class='ocrx_word' id='word_1_213' title='bbox 264 5106 322 5170; x_wconf 87' lang='lat' dir='ltr'>pro</span> <span class='ocrx_word' id='word_1_214' title='bbox 346 5087 546 5172; x_wconf 77' lang='lat' dir='ltr'>septuaginta</span> <span class='ocrx_word' id='word_1_215' title='bbox 571 5085 640 5148; x_wconf 90' lang='lat' dir='ltr'>flor.</span> <span class='ocrx_word' id='word_1_216' title='bbox 665 5085 734 5147; x_wconf 86' lang='lat' dir='ltr'>auri</span> <span class='ocrx_word' id='word_1_217' title='bbox 758 5084 953 5146; x_wconf 89' lang='lat' dir='ltr'>vendidisset</span> <span class='ocrx_word' id='word_1_218' title='bbox 977 5099 1132 5168; x_wconf 88' lang='lat' dir='ltr'>perpetuo</span> <span class='ocrx_word' id='word_1_219' title='bbox 1157 5083 1396 5168; x_wconf 89' lang='lat' dir='ltr'>possidendam.</span> 
     </span>
    </p>
   </div>
   <div class='ocr_carea' id='block_1_6' title="bbox 0 0 1910 5806">
    <p class='ocr_par' dir='ltr' id='par_1_9' title="bbox 0 0 1910 5806">
     <span class='ocr_line' id='line_1_29' title="bbox 0 0 1910 5806; baseline 0 1"><span class='ocrx_word' id='word_1_220' title='bbox 0 0 1910 5806; x_wconf 95' lang='lat' dir='ltr'> </span> 
     </span>
    </p>
   </div>
  </div>
 </body>
</html>
