<?xml version="1.0" encoding="UTF-8"?>
<!DOCTYPE html PUBLIC "-//W3C//DTD XHTML 1.0 Transitional//EN"
    "http://www.w3.org/TR/xhtml1/DTD/xhtml1-transitional.dtd">
<html xmlns="http://www.w3.org/1999/xhtml" xml:lang="en" lang="en">
 <head>
  <title>
</title>
<meta http-equiv="Content-Type" content="text/html;charset=utf-8" />
  <meta name='ocr-system' content='tesseract 3.04.00' />
  <meta name='ocr-capabilities' content='ocr_page ocr_carea ocr_par ocr_line ocrx_word'/>
</head>
<body>
  <div class='ocr_page' id='page_1' title='image "./monumentahistor19laszgoog_0320.png"; bbox 0 0 3840 5800; ppageno 0'>
   <div class='ocr_carea' id='block_1_1' title="bbox 405 515 1114 575">
    <p class='ocr_par' dir='ltr' id='par_1_1' title="bbox 405 515 1114 575">
     <span class='ocr_line' id='line_1_1' title="bbox 405 515 1114 575; baseline -0.001 0"><span class='ocrx_word' id='word_1_1' title='bbox 405 515 466 575; x_wconf 84' lang='lat'>268</span> <span class='ocrx_word' id='word_1_2' title='bbox 966 515 1114 574; x_wconf 77' lang='lat' dir='ltr'><em>Rationes.</em></span> 
     </span>
    </p>
   </div>
   <div class='ocr_carea' id='block_1_2' title="bbox 402 723 1666 1003">
    <p class='ocr_par' dir='ltr' id='par_1_2' title="bbox 402 723 1666 1003">
     <span class='ocr_line' id='line_1_2' title="bbox 508 723 1666 806; baseline -0.002 -18"><span class='ocrx_word' id='word_1_3' title='bbox 508 726 626 789; x_wconf 90' lang='lat' dir='ltr'>Iterum</span> <span class='ocrx_word' id='word_1_4' title='bbox 651 727 683 787; x_wconf 93' lang='lat' dir='ltr'>in</span> <span class='ocrx_word' id='word_1_5' title='bbox 708 723 790 790; x_wconf 82' lang='lat' dir='ltr'>festo</span> <span class='ocrx_word' id='word_1_6' title='bbox 814 728 906 788; x_wconf 81' lang='lat' dir='ltr'>beate</span> <span class='ocrx_word' id='word_1_7' title='bbox 941 725 1129 804; x_wconf 86' lang='lat' dir='ltr'>Katherine,</span> <span class='ocrx_word' id='word_1_8' title='bbox 1162 723 1311 788; x_wconf 88' lang='lat' dir='ltr'>Michaeli</span> <span class='ocrx_word' id='word_1_9' title='bbox 1343 723 1480 804; x_wconf 75' lang='lat' dir='ltr'>literato,</span> <span class='ocrx_word' id='word_1_10' title='bbox 1504 724 1606 806; x_wconf 87' lang='lat' dir='ltr'>pediti</span> <span class='ocrx_word' id='word_1_11' title='bbox 1633 724 1666 786; x_wconf 89' lang='lat' dir='ltr'>in</span> 
     </span>
     <span class='ocr_line' id='line_1_3' title="bbox 402 830 870 902; baseline -0.002 -5"><span class='ocrx_word' id='word_1_12' title='bbox 402 833 559 897; x_wconf 88' lang='lat' dir='ltr'>Gemlech</span> <span class='ocrx_word' id='word_1_13' title='bbox 584 832 729 898; x_wconf 91' lang='lat' dir='ltr'>dedi...</span> <span class='ocrx_word' id='word_1_14' title='bbox 754 832 813 902; x_wconf 81' lang='lat' dir='ltr'>sol.</span> <span class='ocrx_word' id='word_1_15' title='bbox 837 830 870 896; x_wconf 77' lang='lat'>1⁶.</span> 
     </span>
     <span class='ocr_line' id='line_1_4' title="bbox 506 936 1045 1003; baseline 0.002 -1"><span class='ocrx_word' id='word_1_16' title='bbox 506 940 671 1002; x_wconf 82' lang='lat' dir='ltr'>Demetrio</span> <span class='ocrx_word' id='word_1_17' title='bbox 696 939 826 1002; x_wconf 90' lang='lat' dir='ltr'>Kelesdi</span> <span class='ocrx_word' id='word_1_18' title='bbox 845 987 851 1001; x_wconf 93' lang='lat'><strong>.</strong></span> <span class='ocrx_word' id='word_1_19' title='bbox 872 987 903 1002; x_wconf 93' lang='lat'>..</span> <span class='ocrx_word' id='word_1_20' title='bbox 926 938 986 1003; x_wconf 93' lang='lat' dir='ltr'>sol.</span> <span class='ocrx_word' id='word_1_21' title='bbox 1010 936 1045 1003; x_wconf 76' lang='lat'>1⁰.</span> 
     </span>
    </p>
   </div>
   <div class='ocr_carea' id='block_1_3' title="bbox 506 1043 1665 1214">
    <p class='ocr_par' dir='ltr' id='par_1_3' title="bbox 506 1043 1665 1214">
     <span class='ocr_line' id='line_1_5' title="bbox 507 1043 935 1110; baseline 0.002 -2"><span class='ocrx_word' id='word_1_22' title='bbox 507 1047 569 1108; x_wconf 92' lang='lat' dir='ltr'>Pro</span> <span class='ocrx_word' id='word_1_23' title='bbox 594 1046 708 1108; x_wconf 87' lang='lat' dir='ltr'>marcis</span> <span class='ocrx_word' id='word_1_24' title='bbox 724 1097 731 1110; x_wconf 83' lang='lat'><strong>.</strong></span> <span class='ocrx_word' id='word_1_25' title='bbox 749 1095 782 1108; x_wconf 91' lang='lat'>..</span> <span class='ocrx_word' id='word_1_26' title='bbox 814 1043 874 1108; x_wconf 89' lang='lat' dir='ltr'>sol.</span> <span class='ocrx_word' id='word_1_27' title='bbox 900 1043 935 1109; x_wconf 71' lang='lat'>1⁶.</span> 
     </span>
     <span class='ocr_line' id='line_1_6' title="bbox 506 1148 1665 1214; baseline -0.003 0"><span class='ocrx_word' id='word_1_28' title='bbox 506 1151 583 1214; x_wconf 88' lang='lat' dir='ltr'>Item</span> <span class='ocrx_word' id='word_1_29' title='bbox 609 1170 646 1213; x_wconf 83' lang='lat' dir='ltr'>ex</span> <span class='ocrx_word' id='word_1_30' title='bbox 670 1151 898 1214; x_wconf 87' lang='lat' dir='ltr'>commissione</span> <span class='ocrx_word' id='word_1_31' title='bbox 923 1150 1048 1212; x_wconf 92' lang='lat' dir='ltr'>domini</span> <span class='ocrx_word' id='word_1_32' title='bbox 1073 1150 1136 1212; x_wconf 88' lang='lat' dir='ltr'>erni</span> <span class='ocrx_word' id='word_1_33' title='bbox 1161 1169 1179 1211; x_wconf 89' lang='lat' dir='ltr'>a</span> <span class='ocrx_word' id='word_1_34' title='bbox 1204 1149 1377 1212; x_wconf 80' lang='lat' dir='ltr'>Valentino</span> <span class='ocrx_word' id='word_1_35' title='bbox 1402 1148 1548 1212; x_wconf 88' lang='lat' dir='ltr'>institore</span> <span class='ocrx_word' id='word_1_36' title='bbox 1566 1168 1665 1211; x_wconf 82' lang='lat' dir='ltr'>unam</span> 
     </span>
    </p>
   </div>
   <div class='ocr_carea' id='block_1_4' title="bbox 400 1256 1067 1343">
    <p class='ocr_par' dir='ltr' id='par_1_4' title="bbox 400 1256 1067 1343">
     <span class='ocr_line' id='line_1_7' title="bbox 400 1256 1067 1343; baseline -0.001 -20"><span class='ocrx_word' id='word_1_37' title='bbox 400 1260 524 1343; x_wconf 87' lang='lat' dir='ltr'>peciam</span> <span class='ocrx_word' id='word_1_38' title='bbox 550 1259 648 1322; x_wconf 91' lang='lat' dir='ltr'>medii</span> <span class='ocrx_word' id='word_1_39' title='bbox 671 1259 799 1342; x_wconf 88' lang='lat' dir='ltr'>parvisii</span> <span class='ocrx_word' id='word_1_40' title='bbox 818 1305 825 1320; x_wconf 91' lang='lat'><strong>.</strong></span> <span class='ocrx_word' id='word_1_41' title='bbox 844 1307 876 1322; x_wconf 91' lang='lat'>..</span> <span class='ocrx_word' id='word_1_42' title='bbox 903 1257 963 1321; x_wconf 87' lang='lat' dir='ltr'>sol.</span> <span class='ocrx_word' id='word_1_43' title='bbox 987 1256 1067 1322; x_wconf 63' lang='lat' dir='ltr'>vlle.</span> 
     </span>
    </p>
   </div>
   <div class='ocr_carea' id='block_1_5' title="bbox 397 1380 1665 1982">
    <p class='ocr_par' dir='ltr' id='par_1_5' title="bbox 399 1380 1665 1664">
     <span class='ocr_line' id='line_1_8' title="bbox 505 1380 1664 1466; baseline -0.003 -20"><span class='ocrx_word' id='word_1_44' title='bbox 505 1384 584 1446; x_wconf 86' lang='lat' dir='ltr'>Item</span> <span class='ocrx_word' id='word_1_45' title='bbox 609 1382 687 1445; x_wconf 85' lang='lat' dir='ltr'>feria</span> <span class='ocrx_word' id='word_1_46' title='bbox 712 1397 824 1466; x_wconf 76' lang='lat' dir='ltr'>quarta</span> <span class='ocrx_word' id='word_1_47' title='bbox 848 1397 922 1445; x_wconf 82' lang='lat' dir='ltr'>ente</span> <span class='ocrx_word' id='word_1_48' title='bbox 953 1381 1070 1444; x_wconf 86' lang='lat' dir='ltr'>festum</span> <span class='ocrx_word' id='word_1_49' title='bbox 1095 1381 1236 1462; x_wconf 85' lang='lat' dir='ltr'>Andree,</span> <span class='ocrx_word' id='word_1_50' title='bbox 1269 1380 1420 1445; x_wconf 87' lang='lat' dir='ltr'>Michaeli</span> <span class='ocrx_word' id='word_1_51' title='bbox 1445 1381 1584 1460; x_wconf 83' lang='lat' dir='ltr'>literato,</span> <span class='ocrx_word' id='word_1_52' title='bbox 1608 1401 1664 1463; x_wconf 90' lang='lat' dir='ltr'>pe·</span> 
     </span>
     <span class='ocr_line' id='line_1_9' title="bbox 400 1487 1665 1571; baseline -0.003 -17"><span class='ocrx_word' id='word_1_53' title='bbox 400 1494 457 1556; x_wconf 93' lang='lat' dir='ltr'>diti</span> <span class='ocrx_word' id='word_1_54' title='bbox 483 1493 521 1554; x_wconf 90' lang='lat' dir='ltr'>de</span> <span class='ocrx_word' id='word_1_55' title='bbox 547 1490 704 1554; x_wconf 89' lang='lat' dir='ltr'>Gemlech</span> <span class='ocrx_word' id='word_1_56' title='bbox 721 1492 753 1553; x_wconf 87' lang='lat' dir='ltr'>iu</span> <span class='ocrx_word' id='word_1_57' title='bbox 769 1491 935 1554; x_wconf 80' lang='lat' dir='ltr'>saliarium</span> <span class='ocrx_word' id='word_1_58' title='bbox 952 1490 1000 1552; x_wconf 91' lang='lat' dir='ltr'>sui</span> <span class='ocrx_word' id='word_1_59' title='bbox 1018 1489 1145 1552; x_wconf 86' lang='lat' dir='ltr'>servicii</span> <span class='ocrx_word' id='word_1_60' title='bbox 1170 1508 1229 1571; x_wconf 93' lang='lat' dir='ltr'>pro</span> <span class='ocrx_word' id='word_1_61' title='bbox 1246 1489 1382 1551; x_wconf 88' lang='lat' dir='ltr'>emenda</span> <span class='ocrx_word' id='word_1_62' title='bbox 1400 1489 1515 1551; x_wconf 81' lang='lat' dir='ltr'>balista</span> <span class='ocrx_word' id='word_1_63' title='bbox 1532 1487 1665 1551; x_wconf 88' lang='lat' dir='ltr'>dedi...</span> 
     </span>
     <span class='ocr_line' id='line_1_10' title="bbox 399 1601 548 1664; baseline 0.007 -2"><span class='ocrx_word' id='word_1_64' title='bbox 399 1601 459 1664; x_wconf 86' lang='lat' dir='ltr'>sol.</span> <span class='ocrx_word' id='word_1_65' title='bbox 497 1601 548 1663; x_wconf 81' lang='lat' dir='ltr'>cL.</span> 
     </span>
    </p>

    <p class='ocr_par' dir='ltr' id='par_1_6' title="bbox 397 1599 1659 1879">
     <span class='ocr_line' id='line_1_11' title="bbox 484 1599 1659 1786; baseline -0.004 -17"><span class='ocrx_word' id='word_1_66' title='bbox 484 1599 581 1769; x_wconf 90' lang='lat' dir='ltr'>lItem</span> <span class='ocrx_word' id='word_1_67' title='bbox 605 1705 638 1767; x_wconf 88' lang='lat' dir='ltr'>in</span> <span class='ocrx_word' id='word_1_68' title='bbox 656 1704 737 1768; x_wconf 85' lang='lat' dir='ltr'>icaro</span> <span class='ocrx_word' id='word_1_69' title='bbox 755 1705 840 1768; x_wconf 88' lang='lat' dir='ltr'>beati</span> <span class='ocrx_word' id='word_1_70' title='bbox 858 1705 984 1768; x_wconf 89' lang='lat' dir='ltr'>Nicolai</span> <span class='ocrx_word' id='word_1_71' title='bbox 1002 1703 1194 1768; x_wconf 79' lang='lat' dir='ltr'>confessoris</span> <span class='ocrx_word' id='word_1_72' title='bbox 1219 1703 1415 1786; x_wconf 80' lang='lat' dir='ltr'>pauperibus</span> <span class='ocrx_word' id='word_1_73' title='bbox 1431 1702 1579 1765; x_wconf 87' lang='lat' dir='ltr'>distribui</span> <span class='ocrx_word' id='word_1_74' title='bbox 1599 1751 1605 1764; x_wconf 93' lang='lat'><strong>.</strong></span> <span class='ocrx_word' id='word_1_75' title='bbox 1624 1751 1632 1767; x_wconf 92' lang='lat'><strong>.</strong></span> <span class='ocrx_word' id='word_1_76' title='bbox 1653 1753 1659 1764; x_wconf 94' lang='lat'><strong>.</strong></span> 
     </span>
     <span class='ocr_line' id='line_1_12' title="bbox 397 1814 528 1879; baseline 0.023 -4"><span class='ocrx_word' id='word_1_77' title='bbox 397 1814 456 1878; x_wconf 87' lang='lat' dir='ltr'>sol.</span> <span class='ocrx_word' id='word_1_78' title='bbox 488 1814 528 1879; x_wconf 89' lang='lat' dir='ltr'>X.</span> 
     </span>
    </p>

    <p class='ocr_par' dir='ltr' id='par_1_7' title="bbox 504 1916 1663 1982">
     <span class='ocr_line' id='line_1_13' title="bbox 504 1916 1663 1982; baseline -0.004 0"><span class='ocrx_word' id='word_1_79' title='bbox 504 1920 581 1982; x_wconf 91' lang='lat' dir='ltr'>Item</span> <span class='ocrx_word' id='word_1_80' title='bbox 607 1920 639 1981; x_wconf 89' lang='lat' dir='ltr'>In</span> <span class='ocrx_word' id='word_1_81' title='bbox 664 1917 744 1981; x_wconf 82' lang='lat' dir='ltr'>festo</span> <span class='ocrx_word' id='word_1_82' title='bbox 769 1919 854 1980; x_wconf 90' lang='lat' dir='ltr'>beati</span> <span class='ocrx_word' id='word_1_83' title='bbox 878 1919 1005 1981; x_wconf 87' lang='lat' dir='ltr'>Nicolai</span> <span class='ocrx_word' id='word_1_84' title='bbox 1031 1917 1106 1982; x_wconf 91' lang='lat' dir='ltr'>dedi</span> <span class='ocrx_word' id='word_1_85' title='bbox 1137 1918 1315 1981; x_wconf 85' lang='lat' dir='ltr'>scolaribus</span> <span class='ocrx_word' id='word_1_86' title='bbox 1339 1916 1663 1980; x_wconf 87' lang='lat' dir='ltr'>recordantibus...</span> 
     </span>
    </p>
   </div>
   <div class='ocr_carea' id='block_1_6' title="bbox 399 2027 1173 2216">
    <p class='ocr_par' dir='ltr' id='par_1_8' title="bbox 399 2027 1173 2216">
     <span class='ocr_line' id='line_1_14' title="bbox 399 2027 566 2092; baseline 0.018 -4"><span class='ocrx_word' id='word_1_87' title='bbox 399 2027 458 2090; x_wconf 86' lang='lat' dir='ltr'>sol.</span> <span class='ocrx_word' id='word_1_88' title='bbox 481 2027 566 2092; x_wconf 93' lang='lat' dir='ltr'><strong>XVI.</strong></span> 
     </span>
     <span class='ocr_line' id='line_1_15' title="bbox 504 2129 1173 2216; baseline 0.001 -21"><span class='ocrx_word' id='word_1_89' title='bbox 504 2131 668 2216; x_wconf 87' lang='lat' dir='ltr'>Stephano</span> <span class='ocrx_word' id='word_1_90' title='bbox 693 2131 837 2194; x_wconf 85' lang='lat' dir='ltr'>Bradsch</span> <span class='ocrx_word' id='word_1_91' title='bbox 862 2131 1011 2197; x_wconf 89' lang='lat' dir='ltr'>dedi...</span> <span class='ocrx_word' id='word_1_92' title='bbox 1044 2130 1102 2195; x_wconf 85' lang='lat' dir='ltr'>sol.</span> <span class='ocrx_word' id='word_1_93' title='bbox 1126 2129 1173 2196; x_wconf 74' lang='lat'>11⁰.</span> 
     </span>
    </p>
   </div>
   <div class='ocr_carea' id='block_1_7' title="bbox 356 2254 1662 2532">
    <p class='ocr_par' dir='ltr' id='par_1_9' title="bbox 356 2254 1662 2532">
     <span class='ocr_line' id='line_1_16' title="bbox 502 2254 1662 2338; baseline -0.002 -20"><span class='ocrx_word' id='word_1_94' title='bbox 502 2255 581 2320; x_wconf 90' lang='lat' dir='ltr'>Item</span> <span class='ocrx_word' id='word_1_95' title='bbox 607 2255 757 2319; x_wconf 88' lang='lat' dir='ltr'>Michaeli</span> <span class='ocrx_word' id='word_1_96' title='bbox 781 2255 965 2318; x_wconf 83' lang='lat' dir='ltr'>Lowranthi</span> <span class='ocrx_word' id='word_1_97' title='bbox 983 2255 1061 2318; x_wconf 92' lang='lat' dir='ltr'>dum</span> <span class='ocrx_word' id='word_1_98' title='bbox 1079 2255 1194 2318; x_wconf 87' lang='lat' dir='ltr'>missus</span> <span class='ocrx_word' id='word_1_99' title='bbox 1218 2254 1278 2318; x_wconf 87' lang='lat' dir='ltr'>Iuit</span> <span class='ocrx_word' id='word_1_100' title='bbox 1294 2255 1335 2318; x_wconf 84' lang='lat' dir='ltr'>ad</span> <span class='ocrx_word' id='word_1_101' title='bbox 1353 2255 1483 2318; x_wconf 86' lang='lat' dir='ltr'>Petrum</span> <span class='ocrx_word' id='word_1_102' title='bbox 1508 2254 1662 2338; x_wconf 84' lang='lat' dir='ltr'>Bochlray</span> 
     </span>
     <span class='ocr_line' id='line_1_17' title="bbox 356 2362 743 2426; baseline 0.005 -2"><span class='ocrx_word' id='word_1_103' title='bbox 356 2395 365 2412; x_wconf 93' lang='lat'><strong>·</strong></span> <span class='ocrx_word' id='word_1_104' title='bbox 397 2363 471 2424; x_wconf 87' lang='lat' dir='ltr'>dedi</span> <span class='ocrx_word' id='word_1_105' title='bbox 492 2409 498 2424; x_wconf 95' lang='lat'><strong>.</strong></span> <span class='ocrx_word' id='word_1_106' title='bbox 518 2413 550 2426; x_wconf 89' lang='lat'>..</span> <span class='ocrx_word' id='word_1_107' title='bbox 576 2362 635 2426; x_wconf 91' lang='lat' dir='ltr'>sol.</span> <span class='ocrx_word' id='word_1_108' title='bbox 659 2362 743 2426; x_wconf 91' lang='lat' dir='ltr'><strong>XVI.</strong></span> 
     </span>
     <span class='ocr_line' id='line_1_18' title="bbox 501 2467 1656 2532; baseline -0.002 0"><span class='ocrx_word' id='word_1_109' title='bbox 501 2467 578 2532; x_wconf 86' lang='lat' dir='ltr'>Item</span> <span class='ocrx_word' id='word_1_110' title='bbox 602 2469 681 2531; x_wconf 92' lang='lat' dir='ltr'>dum</span> <span class='ocrx_word' id='word_1_111' title='bbox 706 2469 858 2531; x_wconf 87' lang='lat' dir='ltr'>dominus</span> <span class='ocrx_word' id='word_1_112' title='bbox 881 2484 1013 2532; x_wconf 81' lang='lat' dir='ltr'>venerat</span> <span class='ocrx_word' id='word_1_113' title='bbox 1030 2468 1205 2532; x_wconf 76' lang='lat' dir='ltr'>Chremem</span> <span class='ocrx_word' id='word_1_114' title='bbox 1229 2472 1292 2532; x_wconf 91' lang='lat' dir='ltr'>emi</span> <span class='ocrx_word' id='word_1_115' title='bbox 1310 2487 1420 2532; x_wconf 88' lang='lat' dir='ltr'>carnes</span> <span class='ocrx_word' id='word_1_116' title='bbox 1444 2469 1656 2532; x_wconf 85' lang='lat' dir='ltr'>bovinas...</span> 
     </span>
    </p>
   </div>
   <div class='ocr_carea' id='block_1_8' title="bbox 397 2576 1661 2766">
    <p class='ocr_par' dir='ltr' id='par_1_10' title="bbox 397 2576 1661 2766">
     <span class='ocr_line' id='line_1_19' title="bbox 397 2576 595 2640; baseline 0.01 -2"><span class='ocrx_word' id='word_1_117' title='bbox 397 2576 456 2640; x_wconf 93' lang='lat' dir='ltr'>sol.</span> <span class='ocrx_word' id='word_1_118' title='bbox 481 2576 595 2640; x_wconf 86' lang='lat' dir='ltr'><strong>XXIX.</strong></span> 
     </span>
     <span class='ocr_line' id='line_1_20' title="bbox 501 2679 1661 2766; baseline 0.001 -22"><span class='ocrx_word' id='word_1_119' title='bbox 501 2682 579 2746; x_wconf 90' lang='lat' dir='ltr'>Item</span> <span class='ocrx_word' id='word_1_120' title='bbox 604 2683 636 2744; x_wconf 91' lang='lat' dir='ltr'>in</span> <span class='ocrx_word' id='word_1_121' title='bbox 661 2683 771 2764; x_wconf 82' lang='lat' dir='ltr'>vigilia</span> <span class='ocrx_word' id='word_1_122' title='bbox 797 2682 1035 2765; x_wconf 88' lang='lat' dir='ltr'>Concepcionis</span> <span class='ocrx_word' id='word_1_123' title='bbox 1060 2683 1161 2746; x_wconf 86' lang='lat' dir='ltr'>Marie</span> <span class='ocrx_word' id='word_1_124' title='bbox 1186 2683 1249 2744; x_wconf 91' lang='lat' dir='ltr'>emi</span> <span class='ocrx_word' id='word_1_125' title='bbox 1274 2683 1451 2766; x_wconf 89' lang='lat' dir='ltr'>pisces...</span> <span class='ocrx_word' id='word_1_126' title='bbox 1476 2681 1535 2746; x_wconf 90' lang='lat' dir='ltr'>sol.</span> <span class='ocrx_word' id='word_1_127' title='bbox 1553 2679 1661 2745; x_wconf 88' lang='lat' dir='ltr'><strong>XVIII.</strong></span> 
     </span>
    </p>
   </div>
   <div class='ocr_carea' id='block_1_9' title="bbox 380 2806 1660 3529">
    <p class='ocr_par' dir='ltr' id='par_1_11' title="bbox 380 2806 1660 3529">
     <span class='ocr_line' id='line_1_21' title="bbox 380 2806 1660 2891; baseline 0 -23"><span class='ocrx_word' id='word_1_128' title='bbox 380 2827 381 2830; x_wconf 45' lang='lat'>¹</span> <span class='ocrx_word' id='word_1_129' title='bbox 501 2806 578 2869; x_wconf 86' lang='lat' dir='ltr'>Item</span> <span class='ocrx_word' id='word_1_130' title='bbox 604 2806 755 2869; x_wconf 89' lang='lat' dir='ltr'>Michaeli</span> <span class='ocrx_word' id='word_1_131' title='bbox 787 2807 925 2887; x_wconf 88' lang='lat' dir='ltr'>literato,</span> <span class='ocrx_word' id='word_1_132' title='bbox 958 2807 1059 2891; x_wconf 82' lang='lat' dir='ltr'>pediti</span> <span class='ocrx_word' id='word_1_133' title='bbox 1093 2809 1124 2869; x_wconf 89' lang='lat' dir='ltr'>in</span> <span class='ocrx_word' id='word_1_134' title='bbox 1159 2806 1328 2886; x_wconf 91' lang='lat' dir='ltr'>Gemlech,</span> <span class='ocrx_word' id='word_1_135' title='bbox 1352 2807 1384 2869; x_wconf 91' lang='lat' dir='ltr'>in</span> <span class='ocrx_word' id='word_1_136' title='bbox 1409 2820 1528 2870; x_wconf 89' lang='lat' dir='ltr'>sortem</span> <span class='ocrx_word' id='word_1_137' title='bbox 1560 2807 1660 2868; x_wconf 79' lang='lat' dir='ltr'>servi·</span> 
     </span>
     <span class='ocr_line' id='line_1_22' title="bbox 395 2912 1391 2978; baseline 0.003 -4"><span class='ocrx_word' id='word_1_138' title='bbox 395 2913 519 2974; x_wconf 91' lang='lat' dir='ltr'>ciorum</span> <span class='ocrx_word' id='word_1_139' title='bbox 543 2913 583 2975; x_wconf 94' lang='lat' dir='ltr'>ad</span> <span class='ocrx_word' id='word_1_140' title='bbox 610 2913 779 2975; x_wconf 86' lang='lat' dir='ltr'>emendam</span> <span class='ocrx_word' id='word_1_141' title='bbox 803 2913 951 2977; x_wconf 81' lang='lat' dir='ltr'>balistam</span> <span class='ocrx_word' id='word_1_142' title='bbox 977 2914 1042 2977; x_wconf 84' lang='lat' dir='ltr'>dati</span> <span class='ocrx_word' id='word_1_143' title='bbox 1066 2929 1162 2977; x_wconf 90' lang='lat' dir='ltr'>sunt.</span> <span class='ocrx_word' id='word_1_144' title='bbox 1184 2963 1216 2977; x_wconf 92' lang='lat'>..</span> <span class='ocrx_word' id='word_1_145' title='bbox 1246 2915 1305 2978; x_wconf 87' lang='lat' dir='ltr'>sol.</span> <span class='ocrx_word' id='word_1_146' title='bbox 1327 2912 1391 2978; x_wconf 69' lang='lat' dir='ltr'><strong>I0L.</strong></span> 
     </span>
     <span class='ocr_line' id='line_1_23' title="bbox 499 3019 1657 3106; baseline 0 -25"><span class='ocrx_word' id='word_1_147' title='bbox 499 3019 576 3082; x_wconf 91' lang='lat' dir='ltr'>Item</span> <span class='ocrx_word' id='word_1_148' title='bbox 602 3019 679 3082; x_wconf 94' lang='lat' dir='ltr'>dum</span> <span class='ocrx_word' id='word_1_149' title='bbox 698 3020 888 3082; x_wconf 90' lang='lat' dir='ltr'>Michaelem</span> <span class='ocrx_word' id='word_1_150' title='bbox 908 3021 1102 3106; x_wconf 88' lang='lat' dir='ltr'>Lowranthy</span> <span class='ocrx_word' id='word_1_151' title='bbox 1120 3021 1248 3083; x_wconf 84' lang='lat' dir='ltr'>miserat</span> <span class='ocrx_word' id='word_1_152' title='bbox 1264 3021 1416 3083; x_wconf 85' lang='lat' dir='ltr'>domiuus</span> <span class='ocrx_word' id='word_1_153' title='bbox 1433 3020 1474 3082; x_wconf 82' lang='lat' dir='ltr'>ed</span> <span class='ocrx_word' id='word_1_154' title='bbox 1499 3020 1657 3082; x_wconf 80' lang='lat' dir='ltr'>RazInam</span> 
     </span>
     <span class='ocr_line' id='line_1_24' title="bbox 395 3125 1114 3210; baseline 0.004 -24"><span class='ocrx_word' id='word_1_155' title='bbox 395 3125 469 3187; x_wconf 93' lang='lat' dir='ltr'>dedi</span> <span class='ocrx_word' id='word_1_156' title='bbox 496 3127 602 3189; x_wconf 90' lang='lat' dir='ltr'>eidem</span> <span class='ocrx_word' id='word_1_157' title='bbox 627 3127 666 3188; x_wconf 82' lang='lat' dir='ltr'>sd</span> <span class='ocrx_word' id='word_1_158' title='bbox 691 3147 847 3210; x_wconf 87' lang='lat' dir='ltr'>expensas</span> <span class='ocrx_word' id='word_1_159' title='bbox 864 3174 871 3188; x_wconf 93' lang='lat'><strong>.</strong></span> <span class='ocrx_word' id='word_1_160' title='bbox 891 3175 923 3190; x_wconf 91' lang='lat'>..</span> <span class='ocrx_word' id='word_1_161' title='bbox 949 3127 1008 3189; x_wconf 89' lang='lat' dir='ltr'>sol.</span> <span class='ocrx_word' id='word_1_162' title='bbox 1034 3125 1114 3190; x_wconf 91' lang='lat' dir='ltr'><strong>XVI.</strong></span> 
     </span>
     <span class='ocr_line' id='line_1_25' title="bbox 501 3231 1658 3316; baseline 0.003 -22"><span class='ocrx_word' id='word_1_163' title='bbox 501 3233 578 3295; x_wconf 87' lang='lat' dir='ltr'>Item</span> <span class='ocrx_word' id='word_1_164' title='bbox 604 3235 634 3293; x_wconf 92' lang='lat' dir='ltr'>in</span> <span class='ocrx_word' id='word_1_165' title='bbox 661 3232 770 3314; x_wconf 83' lang='lat' dir='ltr'>vigilia</span> <span class='ocrx_word' id='word_1_166' title='bbox 796 3232 1033 3315; x_wconf 91' lang='lat' dir='ltr'>Concepcionis</span> <span class='ocrx_word' id='word_1_167' title='bbox 1051 3233 1151 3295; x_wconf 85' lang='lat' dir='ltr'>Mario</span> <span class='ocrx_word' id='word_1_168' title='bbox 1176 3233 1240 3295; x_wconf 90' lang='lat' dir='ltr'>emi</span> <span class='ocrx_word' id='word_1_169' title='bbox 1256 3233 1360 3316; x_wconf 78' lang='lat' dir='ltr'>pisces</span> <span class='ocrx_word' id='word_1_170' title='bbox 1379 3279 1386 3294; x_wconf 97' lang='lat'><strong>.</strong></span> <span class='ocrx_word' id='word_1_171' title='bbox 1404 3282 1435 3294; x_wconf 93' lang='lat'>..</span> <span class='ocrx_word' id='word_1_172' title='bbox 1461 3232 1520 3296; x_wconf 90' lang='lat' dir='ltr'>sol.</span> <span class='ocrx_word' id='word_1_173' title='bbox 1546 3231 1658 3296; x_wconf 89' lang='lat' dir='ltr'><strong>XVIII.</strong></span> 
     </span>
     <span class='ocr_line' id='line_1_26' title="bbox 498 3337 1659 3423; baseline 0.002 -21"><span class='ocrx_word' id='word_1_174' title='bbox 498 3337 576 3402; x_wconf 91' lang='lat' dir='ltr'>Item</span> <span class='ocrx_word' id='word_1_175' title='bbox 602 3340 633 3401; x_wconf 94' lang='lat' dir='ltr'>in</span> <span class='ocrx_word' id='word_1_176' title='bbox 666 3337 747 3402; x_wconf 84' lang='lat' dir='ltr'>festo</span> <span class='ocrx_word' id='word_1_177' title='bbox 780 3339 1019 3421; x_wconf 85' lang='lat' dir='ltr'>ConcepcionIs</span> <span class='ocrx_word' id='word_1_178' title='bbox 1052 3340 1153 3402; x_wconf 81' lang='lat' dir='ltr'>Mario</span> <span class='ocrx_word' id='word_1_179' title='bbox 1185 3340 1287 3423; x_wconf 81' lang='lat' dir='ltr'>pisces</span> <span class='ocrx_word' id='word_1_180' title='bbox 1311 3339 1399 3403; x_wconf 92' lang='lat' dir='ltr'>emi.</span> <span class='ocrx_word' id='word_1_181' title='bbox 1445 3339 1534 3404; x_wconf 83' lang='lat' dir='ltr'>,sol</span> <span class='ocrx_word' id='word_1_182' title='bbox 1558 3339 1659 3405; x_wconf 89' lang='lat' dir='ltr'><strong>XXV.</strong></span> 
     </span>
     <span class='ocr_line' id='line_1_27' title="bbox 498 3444 1117 3529; baseline 0.006 -22"><span class='ocrx_word' id='word_1_183' title='bbox 498 3445 697 3529; x_wconf 86' lang='lat' dir='ltr'>Pauperibus</span> <span class='ocrx_word' id='word_1_184' title='bbox 721 3446 946 3509; x_wconf 91' lang='lat' dir='ltr'>distribui...</span> <span class='ocrx_word' id='word_1_185' title='bbox 971 3447 1028 3510; x_wconf 91' lang='lat' dir='ltr'>sol.</span> <span class='ocrx_word' id='word_1_186' title='bbox 1053 3444 1117 3511; x_wconf 93' lang='lat' dir='ltr'><strong>XII.</strong></span> 
     </span>
    </p>
   </div>
   <div class='ocr_carea' id='block_1_10' title="bbox 396 3570 1657 3973">
    <p class='ocr_par' dir='ltr' id='par_1_12' title="bbox 398 3570 1657 3742">
     <span class='ocr_line' id='line_1_28' title="bbox 498 3570 1657 3655; baseline -0.001 -21"><span class='ocrx_word' id='word_1_187' title='bbox 498 3570 575 3634; x_wconf 92' lang='lat' dir='ltr'>Item</span> <span class='ocrx_word' id='word_1_188' title='bbox 601 3571 736 3634; x_wconf 84' lang='lat' dir='ltr'>domiuo</span> <span class='ocrx_word' id='word_1_189' title='bbox 760 3571 962 3653; x_wconf 81' lang='lat' dir='ltr'>suffraganeo</span> <span class='ocrx_word' id='word_1_190' title='bbox 995 3591 1053 3655; x_wconf 92' lang='lat' dir='ltr'>pro</span> <span class='ocrx_word' id='word_1_191' title='bbox 1085 3573 1233 3654; x_wconf 86' lang='lat' dir='ltr'>expensis</span> <span class='ocrx_word' id='word_1_192' title='bbox 1256 3591 1337 3654; x_wconf 89' lang='lat' dir='ltr'>quas</span> <span class='ocrx_word' id='word_1_193' title='bbox 1360 3571 1401 3634; x_wconf 89' lang='lat' dir='ltr'>ad</span> <span class='ocrx_word' id='word_1_194' title='bbox 1425 3570 1506 3634; x_wconf 81' lang='lat' dir='ltr'>facta</span> <span class='ocrx_word' id='word_1_195' title='bbox 1532 3571 1657 3634; x_wconf 91' lang='lat' dir='ltr'>domini</span> 
     </span>
     <span class='ocr_line' id='line_1_29' title="bbox 398 3677 1006 3742; baseline 0.007 -4"><span class='ocrx_word' id='word_1_196' title='bbox 398 3678 576 3740; x_wconf 86' lang='lat' dir='ltr'>successive</span> <span class='ocrx_word' id='word_1_197' title='bbox 601 3677 675 3740; x_wconf 90' lang='lat' dir='ltr'>lecit</span> <span class='ocrx_word' id='word_1_198' title='bbox 699 3678 772 3739; x_wconf 88' lang='lat' dir='ltr'>dedi</span> <span class='ocrx_word' id='word_1_199' title='bbox 791 3729 797 3742; x_wconf 94' lang='lat'><strong>.</strong></span> <span class='ocrx_word' id='word_1_200' title='bbox 815 3727 847 3740; x_wconf 86' lang='lat'>..</span> <span class='ocrx_word' id='word_1_201' title='bbox 872 3679 930 3742; x_wconf 91' lang='lat' dir='ltr'>sol.</span> <span class='ocrx_word' id='word_1_202' title='bbox 955 3679 1006 3742; x_wconf 66' lang='lat' dir='ltr'>X0.</span> 
     </span>
    </p>

    <p class='ocr_par' dir='ltr' id='par_1_13' title="bbox 396 3783 1657 3973">
     <span class='ocr_line' id='line_1_30' title="bbox 497 3783 1657 3848; baseline 0.002 -4"><span class='ocrx_word' id='word_1_203' title='bbox 497 3783 576 3845; x_wconf 88' lang='lat' dir='ltr'>Item</span> <span class='ocrx_word' id='word_1_204' title='bbox 601 3784 730 3846; x_wconf 90' lang='lat' dir='ltr'>miserat</span> <span class='ocrx_word' id='word_1_205' title='bbox 755 3784 907 3846; x_wconf 91' lang='lat' dir='ltr'>dominus</span> <span class='ocrx_word' id='word_1_206' title='bbox 928 3784 1228 3848; x_wconf 79' lang='lat' dir='ltr'>ReverendissImus</span> <span class='ocrx_word' id='word_1_207' title='bbox 1245 3804 1354 3847; x_wconf 87' lang='lat' dir='ltr'>versus</span> <span class='ocrx_word' id='word_1_208' title='bbox 1380 3785 1513 3848; x_wconf 70' lang='lat' dir='ltr'>Bridam</span> <span class='ocrx_word' id='word_1_209' title='bbox 1540 3785 1657 3847; x_wconf 88' lang='lat' dir='ltr'>Deme·</span> 
     </span>
     <span class='ocr_line' id='line_1_31' title="bbox 396 3889 1249 3973; baseline 0.008 -24"><span class='ocrx_word' id='word_1_210' title='bbox 396 3889 505 3970; x_wconf 89' lang='lat' dir='ltr'>trium,</span> <span class='ocrx_word' id='word_1_211' title='bbox 530 3904 560 3951; x_wconf 91' lang='lat' dir='ltr'>et</span> <span class='ocrx_word' id='word_1_212' title='bbox 584 3890 690 3952; x_wconf 89' lang='lat' dir='ltr'>eidem</span> <span class='ocrx_word' id='word_1_213' title='bbox 715 3891 755 3952; x_wconf 93' lang='lat' dir='ltr'>ad</span> <span class='ocrx_word' id='word_1_214' title='bbox 779 3911 933 3973; x_wconf 79' lang='lat' dir='ltr'>expensas</span> <span class='ocrx_word' id='word_1_215' title='bbox 957 3891 1107 3954; x_wconf 88' lang='lat' dir='ltr'>dedi...</span> <span class='ocrx_word' id='word_1_216' title='bbox 1133 3892 1191 3956; x_wconf 90' lang='lat' dir='ltr'>sol.</span> <span class='ocrx_word' id='word_1_217' title='bbox 1215 3892 1249 3956; x_wconf 70' lang='lat'>1².</span> 
     </span>
    </p>
   </div>
   <div class='ocr_carea' id='block_1_11' title="bbox 391 4013 1658 4524">
    <p class='ocr_par' dir='ltr' id='par_1_14' title="bbox 391 4013 1658 4202">
     <span class='ocr_line' id='line_1_32' title="bbox 496 4013 1658 4101; baseline 0.003 -24"><span class='ocrx_word' id='word_1_218' title='bbox 496 4013 574 4078; x_wconf 91' lang='lat' dir='ltr'>Item</span> <span class='ocrx_word' id='word_1_219' title='bbox 601 4015 680 4078; x_wconf 84' lang='lat' dir='ltr'>feria</span> <span class='ocrx_word' id='word_1_220' title='bbox 696 4029 782 4078; x_wconf 88' lang='lat' dir='ltr'>sexta</span> <span class='ocrx_word' id='word_1_221' title='bbox 806 4031 879 4099; x_wconf 92' lang='lat' dir='ltr'>post</span> <span class='ocrx_word' id='word_1_222' title='bbox 895 4015 1010 4080; x_wconf 88' lang='lat' dir='ltr'>Iestum</span> <span class='ocrx_word' id='word_1_223' title='bbox 1029 4017 1127 4080; x_wconf 92' lang='lat' dir='ltr'>Lucie</span> <span class='ocrx_word' id='word_1_224' title='bbox 1155 4019 1195 4080; x_wconf 93' lang='lat' dir='ltr'>ab</span> <span class='ocrx_word' id='word_1_225' title='bbox 1214 4017 1402 4080; x_wconf 86' lang='lat' dir='ltr'>homiuibus</span> <span class='ocrx_word' id='word_1_226' title='bbox 1418 4017 1457 4079; x_wconf 89' lang='lat' dir='ltr'>de</span> <span class='ocrx_word' id='word_1_227' title='bbox 1482 4018 1658 4101; x_wconf 81' lang='lat' dir='ltr'>Zwynnrcz</span> 
     </span>
     <span class='ocr_line' id='line_1_33' title="bbox 391 4120 1033 4202; baseline 0.008 -21"><span class='ocrx_word' id='word_1_228' title='bbox 391 4120 455 4180; x_wconf 88' lang='lat' dir='ltr'>emi</span> <span class='ocrx_word' id='word_1_229' title='bbox 479 4121 582 4202; x_wconf 90' lang='lat' dir='ltr'>pisces</span> <span class='ocrx_word' id='word_1_230' title='bbox 606 4123 740 4184; x_wconf 93' lang='lat' dir='ltr'>domino</span> <span class='ocrx_word' id='word_1_231' title='bbox 759 4172 766 4186; x_wconf 94' lang='lat'><strong>.</strong></span> <span class='ocrx_word' id='word_1_232' title='bbox 786 4173 815 4186; x_wconf 89' lang='lat'>..</span> <span class='ocrx_word' id='word_1_233' title='bbox 843 4124 902 4186; x_wconf 88' lang='lat' dir='ltr'>sol.</span> <span class='ocrx_word' id='word_1_234' title='bbox 928 4121 1033 4188; x_wconf 91' lang='lat' dir='ltr'><strong>XVIII.</strong></span> 
     </span>
    </p>

    <p class='ocr_par' dir='ltr' id='par_1_15' title="bbox 496 4225 1423 4312">
     <span class='ocr_line' id='line_1_34' title="bbox 496 4225 1423 4312; baseline 0.004 -23"><span class='ocrx_word' id='word_1_235' title='bbox 496 4225 574 4290; x_wconf 88' lang='lat' dir='ltr'>Item</span> <span class='ocrx_word' id='word_1_236' title='bbox 599 4228 719 4291; x_wconf 88' lang='lat' dir='ltr'>eodem</span> <span class='ocrx_word' id='word_1_237' title='bbox 744 4229 795 4290; x_wconf 89' lang='lat' dir='ltr'>die</span> <span class='ocrx_word' id='word_1_238' title='bbox 821 4229 883 4290; x_wconf 90' lang='lat' dir='ltr'>emi</span> <span class='ocrx_word' id='word_1_239' title='bbox 909 4229 1010 4312; x_wconf 89' lang='lat' dir='ltr'>pisces</span> <span class='ocrx_word' id='word_1_240' title='bbox 1034 4231 1121 4292; x_wconf 81' lang='lat' dir='ltr'>sti</span> <span class='ocrx_word' id='word_1_241' title='bbox 1139 4279 1145 4293; x_wconf 90' lang='lat'><strong>.</strong></span> <span class='ocrx_word' id='word_1_242' title='bbox 1164 4279 1195 4294; x_wconf 88' lang='lat'>..</span> <span class='ocrx_word' id='word_1_243' title='bbox 1224 4231 1284 4295; x_wconf 88' lang='lat' dir='ltr'>sol.</span> <span class='ocrx_word' id='word_1_244' title='bbox 1307 4230 1423 4295; x_wconf 93' lang='lat' dir='ltr'><strong>XXVI.</strong></span> 
     </span>
    </p>

    <p class='ocr_par' dir='ltr' id='par_1_16' title="bbox 392 4331 1655 4524">
     <span class='ocr_line' id='line_1_35' title="bbox 495 4331 1655 4422; baseline 0.003 -27"><span class='ocrx_word' id='word_1_245' title='bbox 495 4331 571 4395; x_wconf 89' lang='lat' dir='ltr'>Item</span> <span class='ocrx_word' id='word_1_246' title='bbox 607 4337 742 4396; x_wconf 86' lang='lat' dir='ltr'>sabbato</span> <span class='ocrx_word' id='word_1_247' title='bbox 766 4334 827 4398; x_wconf 85' lang='lat' dir='ltr'>fuit</span> <span class='ocrx_word' id='word_1_248' title='bbox 858 4335 909 4398; x_wconf 89' lang='lat' dir='ltr'>hic</span> <span class='ocrx_word' id='word_1_249' title='bbox 942 4336 1094 4398; x_wconf 83' lang='lat' dir='ltr'>domiuus</span> <span class='ocrx_word' id='word_1_250' title='bbox 1127 4336 1309 4419; x_wconf 85' lang='lat' dir='ltr'>Stephanus</span> <span class='ocrx_word' id='word_1_251' title='bbox 1342 4335 1471 4422; x_wconf 83' lang='lat' dir='ltr'>Dersly,</span> <span class='ocrx_word' id='word_1_252' title='bbox 1507 4338 1571 4398; x_wconf 93' lang='lat' dir='ltr'>emi</span> <span class='ocrx_word' id='word_1_253' title='bbox 1597 4357 1655 4420; x_wconf 90' lang='lat' dir='ltr'>pro</span> 
     </span>
     <span class='ocr_line' id='line_1_36' title="bbox 392 4441 1190 4524; baseline 0.009 -25"><span class='ocrx_word' id='word_1_254' title='bbox 392 4441 543 4520; x_wconf 81' lang='lat' dir='ltr'>parandis</span> <span class='ocrx_word' id='word_1_255' title='bbox 566 4443 722 4524; x_wconf 88' lang='lat' dir='ltr'>placentis</span> <span class='ocrx_word' id='word_1_256' title='bbox 746 4444 921 4504; x_wconf 86' lang='lat' dir='ltr'>necessaria</span> <span class='ocrx_word' id='word_1_257' title='bbox 940 4497 943 4506; x_wconf 92' lang='lat'><strong>.</strong></span> <span class='ocrx_word' id='word_1_258' title='bbox 963 4493 994 4506; x_wconf 93' lang='lat'>..</span> <span class='ocrx_word' id='word_1_259' title='bbox 1019 4444 1077 4508; x_wconf 91' lang='lat' dir='ltr'>sol.</span> <span class='ocrx_word' id='word_1_260' title='bbox 1101 4442 1190 4506; x_wconf 94' lang='lat' dir='ltr'><strong>VIIII.</strong></span> 
     </span>
    </p>
   </div>
   <div class='ocr_carea' id='block_1_12' title="bbox 495 4562 1660 4754">
    <p class='ocr_par' dir='ltr' id='par_1_17' title="bbox 495 4562 1660 4754">
     <span class='ocr_line' id='line_1_37' title="bbox 495 4562 1660 4634; baseline 0.006 -7"><span class='ocrx_word' id='word_1_261' title='bbox 495 4562 574 4627; x_wconf 92' lang='lat' dir='ltr'>Item</span> <span class='ocrx_word' id='word_1_262' title='bbox 601 4567 751 4629; x_wconf 87' lang='lat' dir='ltr'>Michaeli</span> <span class='ocrx_word' id='word_1_263' title='bbox 770 4566 890 4630; x_wconf 89' lang='lat' dir='ltr'>Ozorai</span> <span class='ocrx_word' id='word_1_264' title='bbox 920 4569 959 4629; x_wconf 83' lang='lat' dir='ltr'>ad</span> <span class='ocrx_word' id='word_1_265' title='bbox 977 4569 1141 4630; x_wconf 87' lang='lat' dir='ltr'>sallarium</span> <span class='ocrx_word' id='word_1_266' title='bbox 1160 4589 1252 4632; x_wconf 89' lang='lat' dir='ltr'>suum</span> <span class='ocrx_word' id='word_1_267' title='bbox 1272 4569 1371 4630; x_wconf 91' lang='lat' dir='ltr'>dedi.</span> <span class='ocrx_word' id='word_1_268' title='bbox 1392 4619 1397 4631; x_wconf 91' lang='lat'><strong>.</strong></span> <span class='ocrx_word' id='word_1_269' title='bbox 1417 4619 1424 4632; x_wconf 90' lang='lat'><strong>.</strong></span> <span class='ocrx_word' id='word_1_270' title='bbox 1449 4569 1507 4632; x_wconf 89' lang='lat' dir='ltr'>sol.</span> <span class='ocrx_word' id='word_1_271' title='bbox 1525 4568 1660 4634; x_wconf 70' lang='lat' dir='ltr'><strong>xv11110·</strong></span> 
     </span>
     <span class='ocr_line' id='line_1_38' title="bbox 497 4671 977 4754; baseline 0.01 -23"><span class='ocrx_word' id='word_1_272' title='bbox 497 4671 619 4754; x_wconf 83' lang='lat' dir='ltr'>Polysk</span> <span class='ocrx_word' id='word_1_273' title='bbox 644 4675 757 4736; x_wconf 89' lang='lat' dir='ltr'>suttori</span> <span class='ocrx_word' id='word_1_274' title='bbox 775 4725 780 4738; x_wconf 93' lang='lat'><strong>.</strong></span> <span class='ocrx_word' id='word_1_275' title='bbox 800 4725 831 4736; x_wconf 95' lang='lat'>..</span> <span class='ocrx_word' id='word_1_276' title='bbox 857 4676 916 4740; x_wconf 92' lang='lat' dir='ltr'>sol.</span> <span class='ocrx_word' id='word_1_277' title='bbox 943 4675 977 4738; x_wconf 77' lang='lat' dir='ltr'>I0.</span> 
     </span>
    </p>
   </div>
   <div class='ocr_carea' id='block_1_13' title="bbox 496 4777 1657 4865">
    <p class='ocr_par' dir='ltr' id='par_1_18' title="bbox 496 4777 1657 4865">
     <span class='ocr_line' id='line_1_39' title="bbox 496 4777 1657 4865; baseline 0.007 -27"><span class='ocrx_word' id='word_1_278' title='bbox 496 4777 573 4839; x_wconf 86' lang='lat' dir='ltr'>Item</span> <span class='ocrx_word' id='word_1_279' title='bbox 600 4779 677 4841; x_wconf 84' lang='lat' dir='ltr'>feria</span> <span class='ocrx_word' id='word_1_280' title='bbox 702 4781 842 4842; x_wconf 90' lang='lat' dir='ltr'>secunda</span> <span class='ocrx_word' id='word_1_281' title='bbox 867 4795 939 4862; x_wconf 91' lang='lat' dir='ltr'>post</span> <span class='ocrx_word' id='word_1_282' title='bbox 964 4779 1079 4843; x_wconf 86' lang='lat' dir='ltr'>festum</span> <span class='ocrx_word' id='word_1_283' title='bbox 1110 4782 1208 4844; x_wconf 91' lang='lat' dir='ltr'>Lucie</span> <span class='ocrx_word' id='word_1_284' title='bbox 1233 4783 1296 4844; x_wconf 90' lang='lat' dir='ltr'>emi</span> <span class='ocrx_word' id='word_1_285' title='bbox 1320 4783 1511 4865; x_wconf 83' lang='lat' dir='ltr'>grisium...</span> <span class='ocrx_word' id='word_1_286' title='bbox 1536 4783 1595 4845; x_wconf 90' lang='lat' dir='ltr'>sol.</span> <span class='ocrx_word' id='word_1_287' title='bbox 1621 4781 1657 4847; x_wconf 69' lang='lat'>1⁶.</span> 
     </span>
    </p>
   </div>
   <div class='ocr_carea' id='block_1_14' title="bbox 498 4886 1074 5059">
    <p class='ocr_par' dir='ltr' id='par_1_19' title="bbox 498 4886 1074 5059">
     <span class='ocr_line' id='line_1_40' title="bbox 499 4886 959 4952; baseline 0.013 -7"><span class='ocrx_word' id='word_1_288' title='bbox 499 4886 562 4946; x_wconf 89' lang='lat' dir='ltr'>Mel</span> <span class='ocrx_word' id='word_1_289' title='bbox 588 4887 651 4947; x_wconf 91' lang='lat' dir='ltr'>emi</span> <span class='ocrx_word' id='word_1_290' title='bbox 672 4938 678 4948; x_wconf 95' lang='lat'><strong>.</strong></span> <span class='ocrx_word' id='word_1_291' title='bbox 698 4935 729 4950; x_wconf 92' lang='lat'>..</span> <span class='ocrx_word' id='word_1_292' title='bbox 754 4888 813 4950; x_wconf 91' lang='lat' dir='ltr'>sol.</span> <span class='ocrx_word' id='word_1_293' title='bbox 838 4886 959 4952; x_wconf 91' lang='lat' dir='ltr'><strong>XVIIII.</strong></span> 
     </span>
     <span class='ocr_line' id='line_1_41' title="bbox 498 4993 1074 5059; baseline 0 -3"><span class='ocrx_word' id='word_1_294' title='bbox 498 4993 643 5056; x_wconf 88' lang='lat' dir='ltr'>ButIrum</span> <span class='ocrx_word' id='word_1_295' title='bbox 669 4994 732 5055; x_wconf 89' lang='lat' dir='ltr'>emi</span> <span class='ocrx_word' id='word_1_296' title='bbox 752 5043 757 5056; x_wconf 91' lang='lat'><strong>.</strong></span> <span class='ocrx_word' id='word_1_297' title='bbox 779 5043 809 5057; x_wconf 93' lang='lat'>..</span> <span class='ocrx_word' id='word_1_298' title='bbox 833 4995 892 5059; x_wconf 93' lang='lat' dir='ltr'>sol.</span> <span class='ocrx_word' id='word_1_299' title='bbox 915 4994 1074 5058; x_wconf 92' lang='lat' dir='ltr'><strong>XXXVII.</strong></span> 
     </span>
    </p>
   </div>
   <div class='ocr_carea' id='block_1_15' title="bbox 0 0 1924 5800">
    <p class='ocr_par' dir='ltr' id='par_1_20' title="bbox 0 0 1924 5800">
     <span class='ocr_line' id='line_1_42' title="bbox 0 0 1924 5800; baseline 0 5"><span class='ocrx_word' id='word_1_300' title='bbox 0 0 1924 5800; x_wconf 95' lang='lat' dir='ltr'> </span> 
     </span>
    </p>
   </div>
  </div>
 </body>
</html>
