3842 5802
366 547 404 606 ¹4
893 527 980 584 Anno
1002 535 1094 604 1473.

360 739 541 820 contigerit,
565 741 654 821 quod
679 753 755 802 tunc
784 740 851 821 ipsa
885 740 1002 801 domus
1034 753 1065 802 et
1096 739 1216 800 fundus
1239 739 1272 800 in
1304 740 1439 802 eandem
1465 744 1623 820 Agnetem

361 846 528 908 mulierem
553 860 584 907 er
607 865 683 906 suos
707 845 840 908 heredes
865 846 1079 908 condescendi
1114 846 1246 922 debeat,
1275 845 1335 906 hoc
1360 847 1461 907 eciam
1487 847 1624 925 adiecto,

360 953 448 1035 quod
480 972 563 1015 unus
595 953 717 1034 absque
748 952 879 1013 alterius
910 953 1075 1015 voluntate
1108 953 1211 1034 ipsam
1242 951 1376 1014 domum
1410 966 1440 1015 et
1464 965 1563 1014 terras
1587 973 1623 1016 ac

359 1059 437 1120 alias
462 1059 678 1142 possessiones
702 1073 733 1121 et
756 1059 842 1120 bona
865 1059 897 1120 in
915 1059 1076 1122 territorio
1094 1059 1177 1120 dicte
1202 1059 1338 1120 civitatis
1362 1057 1486 1120 habitas
1511 1073 1542 1120 et
1559 1061 1623 1120 exi-

359 1165 478 1226 stencia
503 1165 672 1247 nullipiam
707 1165 876 1227 hominum
909 1167 964 1227 sed
997 1167 1093 1228 ambo
1125 1165 1220 1227 simul
1252 1165 1390 1227 vendere
1417 1179 1569 1247 poterunt
1593 1180 1624 1228 et

359 1272 530 1348 valebunt;
555 1272 606 1334 cui
632 1273 704 1333 data
730 1286 777 1334 est
802 1271 892 1335 litera
917 1285 1024 1334 nostre
1050 1271 1289 1334 communitatis
1313 1273 1531 1354 privilegialis.

466 1379 564 1452 Quod
589 1379 664 1460 quia
689 1379 859 1460 religiosus
893 1398 929 1440 ac
953 1379 1015 1440 deo
1052 1379 1187 1441 devotus
1215 1378 1273 1456 vir,
1306 1378 1402 1441 irater
1436 1379 1622 1456 Ewstacius,

361 1503 447 1546 sacre
472 1485 657 1568 Theologie
681 1485 792 1564 lector,
818 1485 906 1567 prior
929 1485 1057 1548 claustri
1082 1486 1164 1546 beati
1187 1485 1312 1546 Nicolai
1338 1484 1540 1564 confessoris,
1566 1487 1622 1546 Za-

359 1591 470 1672 grabie
495 1589 631 1669 fundati,
656 1591 779 1652 ordinis
803 1591 1057 1671 Predicatorum,
1082 1592 1113 1653 in
1146 1612 1202 1653 sua
1227 1612 1263 1654 ac
1287 1593 1435 1654 omnium
1460 1607 1490 1653 et
1514 1593 1623 1673 singu·

361 1697 465 1759 lorum
491 1696 623 1760 fratrum
648 1699 752 1760 tocius
777 1712 954 1760 conventus
988 1697 1132 1760 eiusdem
1164 1699 1292 1760 claustri
1326 1699 1513 1760 nominibus
1536 1712 1567 1760 et
1591 1699 1621 1760 in

360 1804 506 1886 personis
530 1804 695 1866 confessus
720 1819 766 1867 est
790 1805 821 1866 in
855 1805 941 1867 hunc
974 1806 1130 1868 modum:
1162 1806 1260 1880 Quod
1293 1807 1368 1888 quia
1393 1805 1460 1888 ipse
1486 1806 1624 1888 pensatis

361 1913 508 1973 maximis
532 1912 632 1973 ruinis
656 1926 686 1973 et
718 1911 978 1974 desolacionibus
1010 1912 1110 1994 ipsius
1142 1912 1275 1974 ecclesie
1307 1912 1406 1974 sancti
1441 1912 1566 1974 Nicolai
1592 1923 1624 1973 et

359 2019 427 2079 eius
443 2018 581 2094 cenobii,
598 2017 774 2098 volensque
792 2018 957 2080 iamdictas
980 2019 1088 2079 ruinas
1104 2031 1225 2099 quanto
1243 2018 1358 2080 melius
1382 2032 1413 2080 et
1436 2017 1616 2080 ferventius

359 2139 390 2186 er
406 2123 560 2186 solercius
578 2124 663 2184 iuxta
681 2143 774 2184 suum
794 2144 886 2204 posse
911 2123 1052 2185 relevare
1077 2137 1107 2185 et
1145 2123 1318 2186 reformare
1344 2144 1415 2186 curn
1441 2125 1576 2207 provido
1593 2137 1623 2186 et

360 2231 496 2292 honesto
510 2231 579 2292 viro
596 2230 742 2292 Johanne
767 2231 976 2311 cingulatore,
986 2229 1129 2311 gurrhler
1141 2230 1239 2310 dicto,
1250 2230 1373 2313 prefato
1383 2230 1486 2312 jurato
1512 2245 1621 2292 nostro

360 2351 390 2399 et
400 2338 543 2414 concive,
557 2337 612 2417 qui
624 2336 877 2418 vigorealiarum
896 2351 1076 2397 nostrarum
1095 2337 1345 2419 privilegialium
1356 2337 1527 2420 superinde
1546 2357 1620 2398 con-

359 2443 514 2505 fectarum
552 2442 657 2504 eidem
682 2443 819 2504 claustro
844 2461 899 2502 seu
924 2443 1061 2504 cenobio
1085 2445 1185 2505 sancti
1209 2444 1334 2506 Nicolai
1360 2446 1451 2506 annis
1475 2444 1621 2526 singulis,

359 2549 585 2631 perpetuisque
606 2547 721 2610 futuris
739 2548 939 2628 temporibus
956 2568 1055 2610 unum
1070 2548 1139 2614 flor.
1165 2550 1233 2611 auri
1265 2564 1408 2634 exparte
1433 2550 1549 2612 domus
1566 2571 1622 2612 sue

359 2667 483 2720 murate
508 2668 538 2716 et
562 2653 652 2716 fundi
678 2675 714 2714 ac
739 2653 847 2715 celarii
872 2656 1069 2716 subterranei
1098 2670 1129 2718 et
1154 2655 1388 2736 hedificiorum,
1411 2659 1618 2739 stacioneque

359 2775 389 2822 et
402 2761 537 2823 cisterne
549 2761 695 2821 similiter
709 2760 841 2821 muratis
854 2761 887 2821 in
904 2760 987 2822 dicta
1011 2762 1138 2824 civitate
1160 2763 1367 2826 existentibus
1392 2763 1467 2825 dare
1491 2779 1522 2826 et
1546 2784 1618 2846 per-

358 2867 483 2929 solvere
508 2867 722 2947 obligabatur,
747 2866 787 2927 ad
811 2867 908 2929 talem
934 2883 964 2928 et
988 2869 1191 2930 talismodam
1227 2869 1407 2933 devenisset
1431 2891 1541 2952 ymmo
1567 2871 1621 2932 de·

359 2973 447 3034 venit
459 2986 611 3055 perpetue
627 2973 798 3034 concordie
815 2975 990 3034 unionem:
1006 2974 1093 3055 quod
1108 2988 1279 3036 annotatus
1291 2975 1452 3037 Johannes
1468 2975 1622 3056 gurthler,

359 3080 525 3162 ipsiusque
557 3079 690 3141 heredes
721 3079 833 3160 viginti
867 3079 934 3146 flor.
965 3080 1033 3141 auri
1066 3080 1106 3140 ad
1139 3082 1389 3162 reparationem,
1414 3084 1621 3144 restauracio-

358 3206 498 3268 nemque
523 3199 554 3247 et
577 3185 860 3268 recuperacionem
894 3186 968 3246 dicti
1001 3185 1130 3248 claustri
1160 3187 1257 3249 simul
1289 3201 1320 3250 et
1350 3189 1461 3268 semel,
1494 3190 1620 3251 realiter

359 3307 487 3355 etcum
512 3292 626 3354 effectu
652 3293 711 3374 ipsi
745 3291 832 3353 fratri
868 3293 1026 3353 Ewstacio
1052 3293 1127 3354 dare
1160 3293 1291 3355 debebit
1314 3308 1345 3356 et
1369 3296 1427 3356 erit
1451 3296 1622 3376 obligatus,

359 3401 469 3482 sicque
494 3398 665 3481 persolutis
699 3399 774 3480 ipsis
807 3399 922 3480 viginti
955 3399 1024 3462 flor.
1045 3400 1145 3477 auri,
1178 3400 1245 3482 ipse
1277 3400 1439 3462 Johannes
1469 3401 1622 3483 gurthler,

359 3507 523 3588 ipsiusque
547 3505 680 3567 heredes
704 3519 735 3566 et
758 3524 956 3567 successores
975 3505 1125 3584 universi,
1151 3508 1314 3589 ceterique
1333 3508 1431 3590 ipsius
1455 3509 1571 3570 domus
1588 3523 1620 3571 et

359 3611 580 3674 hedificiorum
607 3611 824 3694 predictorum
851 3632 908 3694 pro
932 3625 1077 3693 tempore
1099 3633 1297 3694 possessores
1322 3615 1483 3697 perpetuis
1508 3613 1622 3676 futuris

358 3719 558 3800 temporibus
582 3738 598 3778 a
624 3716 745 3799 prefata
770 3718 937 3778 solucione
962 3718 1062 3800 ipsius
1086 3719 1181 3780 unius
1205 3719 1319 3782 floreni
1342 3723 1410 3782 auri
1435 3721 1565 3782 annuali
1584 3721 1620 3782 li·

359 3825 437 3902 beri,
462 3823 681 3905 extemptique
706 3842 835 3905 prorsus
867 3837 960 3884 erunt
991 3837 1021 3884 et
1054 3824 1233 3900 immunes;
1267 3827 1483 3907 quosquidem
1508 3827 1620 3908 viginti

359 3931 428 3994 flor.
453 3931 521 3992 auri
547 3931 613 4011 ipse
647 3929 809 3990 Johannes
840 3929 984 4010 gurthler
1014 3943 1168 3992 annotato
1202 3929 1290 3992 lratri
1323 3932 1492 4012 Ewstaci0,
1527 3947 1621 4014 prout

359 4037 494 4119 ipsemet
517 4036 611 4097 nobis
635 4035 754 4112 retulit,
779 4035 907 4096 realiter
931 4049 962 4096 et
986 4035 1130 4097 effective
1163 4036 1261 4115 dedit,
1290 4039 1443 4119 persolvit
1468 4052 1499 4101 et
1523 4039 1619 4120 assig-

359 4144 457 4220 navit,
482 4142 621 4223 ideoque
635 4142 701 4223 ipse
716 4140 811 4202 frater
821 4142 998 4203 Ewstacius
1021 4162 1079 4203 suo
1097 4156 1128 4204 et
1152 4163 1291 4223 quorum
1315 4165 1409 4227 supra
1434 4146 1621 4207 nominibus

360 4248 499 4310 eundem
525 4247 705 4308 Johannem
729 4247 873 4329 gurtbler
897 4248 993 4309 simul
1021 4268 1092 4310 cum
1122 4250 1244 4310 cunctis
1268 4251 1334 4311 suis
1359 4251 1542 4329 heredibus,
1568 4251 1620 4312 he-

358 4354 538 4435 redumque
562 4374 692 4415 suorum
717 4355 953 4416 successoribus
977 4368 1007 4416 et
1031 4356 1271 4436 posteritatibus
1302 4357 1458 4418 universis
1482 4358 1620 4439 quittum

358 4460 498 4522 reddidit
521 4475 552 4521 et
576 4480 631 4542 per
655 4461 764 4522 omnia
791 4461 995 4542 expeditum;
1021 4462 1253 4522 nichilominus
1270 4461 1411 4544 prelatus
1428 4463 1524 4526 irater
1550 4465 1621 4524 Ew-

358 4566 474 4628 stacius
498 4567 646 4647 obligans
670 4585 703 4627 se
727 4586 786 4627 suo
811 4581 841 4627 et
865 4586 1003 4648 quorum
1036 4587 1130 4649 supra
1162 4569 1360 4648 nominibus,
1385 4569 1550 4650 perpetuis
1573 4567 1589 4632 f
1614 4607 1621 4617 ·

357 4673 437 4734 turis
460 4673 660 4754 temporibus
684 4673 743 4734 sibi
770 4672 907 4734 Johanni
937 4673 1082 4753 gurthler
1114 4673 1279 4755 ipsiusque
1304 4673 1475 4737 heredibus
1499 4689 1530 4736 et
1552 4695 1620 4738 suc-

358 4779 537 4840 cessoribus
563 4779 719 4840 universis
744 4779 826 4840 dicte
852 4779 968 4840 domus
992 4793 1023 4840 et
1055 4778 1277 4841 hedificiorum
1312 4781 1529 4862 predictorum
1554 4797 1620 4844 ten-

357 4886 480 4947 toribus
505 4887 626 4948 nullam
657 4887 837 4948 molestiam
862 4907 918 4948 seu
936 4888 1166 4970 repeticionem
1186 4889 1314 4950 racione
1331 4889 1507 4952 solucionis
1524 4891 1622 4973 ipsius

358 4993 453 5053 unius
467 4992 534 5055 flor.
553 4993 620 5053 auri
639 4993 797 5054 censualis
814 4995 1038 5075 quovismodo
1053 4995 1197 5056 illaturos
1211 5009 1241 5056 et
1254 4996 1467 5078 expetituros3
1481 4997 1622 5059 adiciens
