3810 5806
851 1693 878 1772 l.

247 1914 448 1973 Inventarisem
465 1913 643 1974 cathedralis
657 1911 767 1970 ecclesie
782 1908 991 1986 sagrabiensis,
1003 1911 1139 1984 scriptum
1157 1909 1200 1966 ad
1210 1910 1305 1985 finem
1325 1925 1397 1971 saec.
1422 1907 1456 1965 X
1457 1909 1473 1965 Ι
1479 1907 1512 1968 V.

353 2227 432 2290 ltem
457 2247 559 2290 unum
584 2245 641 2311 par
675 2225 908 2289 cirothecarum
940 2223 1175 2308 pontificalium
1209 2241 1280 2287 cum
1306 2223 1513 2308 ymaginibus

249 2333 385 2395 duarum
410 2353 554 2396 rosarum
591 2333 630 2394 de
656 2331 752 2414 perlis
776 2345 807 2394 et
833 2331 945 2392 ceteris
976 2331 1139 2414 lapidibus
1172 2331 1290 2412 parvis,
1314 2349 1431 2392 novem
1456 2349 1513 2392 nu-

248 2458 350 2518 mero,
376 2459 448 2502 cum
473 2439 681 2523 ymaginibus
704 2451 887 2500 sanctorum
922 2436 963 2499 de
987 2456 1066 2499 auro
1090 2435 1262 2499 rahamatis
1285 2437 1336 2499 vel
1361 2437 1514 2499 consutis.

354 2563 432 2625 ltern
457 2583 558 2626 unum
581 2563 671 2626 aliud
695 2582 752 2646 par
776 2561 1008 2624 cirothecarum
1034 2559 1269 2644 pontificalium
1295 2581 1368 2623 cum
1392 2561 1515 2645 ymagi-

249 2669 345 2731 nibus
367 2683 552 2732 sanctorum
576 2688 688 2752 regum
722 2667 862 2730 Ladislai
895 2680 926 2730 et
951 2667 1105 2750 Stephani
1138 2667 1177 2728 de
1201 2681 1335 2749 argento
1360 2667 1514 2730 deaurato

249 2787 280 2837 et
304 2775 475 2873 smalclato,
499 2789 530 2838 et
557 2775 705 2838 similiter
736 2792 810 2834 cum
842 2772 953 2855 figuris
986 2787 1169 2836 sanctorum
1202 2788 1233 2836 et
1257 2773 1371 2836 ceteris
1395 2774 1515 2858 perulis

250 2880 393 2960 minutis,
417 2879 646 2944 aurifrisatum.

251 3127 460 3211 Sequitur
483 3129 774 3193 inventarium
799 3129 846 3191 de
878 3127 1146 3192 ornamentis
1169 3141 1207 3190 et
1230 3129 1509 3211 paramentis.

356 3289 398 3351 Et
421 3289 526 3372 primo
543 3289 743 3372 casulanigri
757 3289 875 3352 eoloris
888 3289 928 3352 de
945 3288 1033 3372 palio
1046 3289 1146 3351 sancti
1163 3289 1248 3370 regis
1266 3289 1406 3352 Ladislai
1420 3288 1512 3353 lacta.

357 3395 435 3457 ltem
459 3415 523 3457 una
548 3395 655 3458 casula
680 3395 719 3457 de
744 3415 853 3480 panno
884 3414 983 3457 aureo
1016 3395 1047 3455 in
1080 3414 1195 3478 campo
1219 3395 1320 3457 rubeo
1345 3415 1417 3458 cum
1442 3397 1515 3458 sub·

252 3499 388 3562 ductura
411 3499 449 3562 de
474 3501 611 3564 cendato
635 3503 747 3582 rubeo,
772 3501 894 3564 habens
917 3519 1043 3564 crucem
1069 3521 1087 3564 a
1111 3515 1196 3564 retro
1221 3513 1252 3563 et
1275 3515 1360 3582 ante,
1385 3521 1450 3564 non
1475 3501 1515 3564 de

253 3606 393 3689 quadam
418 3621 518 3691 parta,
543 3627 615 3670 cum
641 3609 743 3672 serico
768 3622 799 3671 et
822 3627 901 3670 auro
926 3621 1119 3671 contextam.

359 3731 438 3795 ltem
462 3751 526 3796 una
549 3733 613 3796 alia
629 3733 736 3796 casula
761 3732 801 3795 de
819 3751 926 3816 panno
943 3751 1042 3794 aureo
1059 3731 1208 3795 similiter
1225 3733 1257 3794 in
1283 3753 1398 3817 campo
1414 3735 1517 3796 rubeo

252 3857 326 3900 cum
351 3840 444 3901 certis
467 3840 688 3924 compassibus
704 3838 744 3901 ad
762 3839 873 3902 leones
897 3858 1021 3918 aureos,
1038 3859 1112 3902 cum
1134 3858 1227 3902 cruce
1251 3859 1269 3902 a
1294 3853 1378 3902 retro
1403 3853 1434 3904 et
1451 3861 1516 3905 non

252 3959 338 4024 ante,
362 3943 402 4006 de
426 3959 515 4028 parta
540 3965 648 4026 aurea,
671 3946 829 4008 subducta
853 3945 893 4008 de
918 3945 1054 4008 cendato
1078 3946 1185 4010 viridi.

359 4067 437 4130 ltem
462 4069 569 4132 casula
589 4069 695 4150 glauci
719 4069 836 4132 coloris
868 4068 990 4131 habens
1018 4070 1110 4151 quasi
1142 4068 1338 4132 aurifrisium
1365 4071 1514 4134 inantea

253 4188 285 4237 et
308 4187 404 4254 retro,
428 4193 502 4238 cum
524 4176 663 4258 gemmis
678 4175 873 4258 quibusdam
897 4189 928 4238 et
943 4175 1106 4258 lapidibus
1130 4191 1254 4256 ornata,
1278 4197 1350 4239 cum
1374 4195 1430 4240 sua
1449 4178 1518 4242 dal·

253 4282 369 4343 metica
392 4281 514 4361 subtili,
538 4282 594 4364 qui
619 4282 743 4365 lapides
766 4297 840 4345 sunt
864 4303 1000 4346 numero
1034 4285 1269 4366 quinquaginta
1293 4301 1427 4367 septem.

359 4404 437 4468 ltem
461 4405 569 4469 casula
597 4408 695 4470 rubea
729 4406 850 4470 habens
882 4422 1036 4492 tanquam
1069 4408 1265 4472 aurifrisium
1290 4429 1347 4494 per
1371 4412 1518 4493 longum,

253 4511 421 4594 ymagines
443 4524 627 4576 sanctorum
661 4513 693 4575 in
726 4533 759 4576 se
791 4515 1000 4595 continendo,
1031 4535 1104 4578 cum
1136 4517 1274 4596 gemmis
1302 4531 1333 4578 et
1357 4517 1520 4599 lapidibus

253 4616 407 4698 preciosis
429 4617 624 4699 quibusdam
648 4619 807 4700 ordinata,
829 4639 901 4682 cum
920 4640 977 4683 sua
994 4620 1166 4685 dalmatica
1184 4637 1215 4686 et
1230 4623 1348 4704 stricta,
1375 4637 1406 4686 et
1422 4623 1519 4686 babet

253 4721 377 4806 lapides
400 4737 522 4806 septem
547 4741 695 4804 numero,
719 4744 830 4788 sarens
853 4727 1062 4793 subductura.

359 4846 438 4909 ltern
462 4848 571 4934 casula
594 4851 678 4929 alba,
702 4863 814 4913 ornata
838 4869 911 4912 cum
928 4853 1065 4932 gemmis
1089 4869 1144 4932 ¹seu
1162 4855 1259 4937 perlis
1277 4869 1308 4918 et
1332 4855 1516 4934 luminibus,

254 4971 329 5017 cum
352 4971 417 5017 una
441 4953 624 5036 dalmatica,
649 4975 760 5021 carens
783 4957 994 5022 subductura.

361 5143 372 5184 ⁸
389 5143 516 5206 Primum
535 5145 638 5209 lolium
656 5147 750 5208 deest
