3842 5802
804 533 890 592 Anno
913 543 1003 610 1475.

274 745 357 805 Luce
381 742 421 804 de
447 743 682 821 Hraztowicza,
706 761 764 824 pro
789 761 874 804 nunc
892 762 972 804 uxor
992 743 1149 824 legittima
1168 745 1300 828 Georgii
1319 745 1376 808 filii
1403 748 1531 810 Martini

272 850 309 910 de
335 849 567 928 Hraztowicza,
600 848 689 910 dedit
721 862 751 910 et
781 849 967 930 propinavit
999 851 1108 912 omnia
1141 854 1226 913 bona
1259 868 1289 915 et
1316 854 1533 934 possessiones

270 975 351 1032 suas,
376 955 543 1017 videlicet:
567 951 706 1018 fundum
730 973 788 1016 seu
812 955 906 1018 civile
931 955 962 1017 in
989 956 1071 1019 dicta
1089 958 1217 1020 civitate
1243 973 1350 1022 nostra
1375 959 1532 1039 habitum,

270 1082 366 1144 penes
390 1060 526 1123 fundum
560 1062 644 1123 Petri
677 1081 789 1144 sporar
819 1082 836 1123 a
869 1075 957 1144 parte
989 1065 1263 1145 septemtrionali,
1295 1086 1311 1127 a
1343 1077 1431 1147 parte
1456 1087 1532 1128 vero

270 1168 416 1229 orientali
450 1186 550 1249 penes
581 1167 716 1228 domurn
748 1187 804 1229 seu
836 1165 999 1229 fornacem
1034 1189 1153 1251 panum
1186 1171 1311 1232 Nicolai
1344 1173 1483 1251 sartoris,
1515 1194 1531 1234 a

269 1287 356 1356 parte
381 1293 457 1336 vero
481 1272 685 1336 meridionali
710 1287 741 1335 et
765 1273 959 1336 occidentali
977 1294 1075 1356 penes
1100 1276 1167 1337 vias
1191 1291 1221 1338 et
1238 1277 1360 1358 plateas
1384 1277 1531 1358 publicas

270 1396 373 1443 nostre
399 1380 554 1456 civitatis3
579 1380 655 1441 item
673 1379 848 1461 quemdam
874 1379 1008 1442 fundum
1028 1381 1189 1443 desertum
1214 1381 1347 1444 edificiis
1371 1399 1531 1446 carentem

270 1486 300 1548 in
323 1488 394 1549 vico
419 1486 518 1569 ipsius
535 1485 671 1548 civitatis
695 1483 930 1567 lutifigulorum
948 1487 1096 1548 exteriori
1116 1488 1197 1549 inter
1215 1486 1331 1550 lundos
1354 1489 1530 1552 liberorum

269 1592 405 1654 condam
430 1591 578 1672 Gregorii
603 1594 643 1652 ab
669 1611 743 1670 una,
767 1607 856 1673 parte
881 1612 956 1654 vero
990 1613 1026 1653 ex
1051 1593 1152 1655 altera
1178 1613 1397 1656 successorum
1423 1595 1531 1658 relicte

269 1699 406 1760 condam
431 1699 518 1760 Kusa
544 1711 666 1776 vocate,
691 1697 770 1760 olim
796 1697 979 1760 concivium
1006 1713 1177 1779 nostrorm,
1199 1700 1238 1761 ad
1264 1721 1359 1762 unam
1385 1715 1530 1783 quartam

268 1825 300 1865 se
325 1805 571 1880 extendentem3
590 1804 665 1866 item
683 1804 858 1885 quamdam
876 1805 1004 1866 vineam
1022 1805 1054 1866 in
1071 1806 1233 1868 territorio
1251 1819 1361 1868 nostro
1379 1806 1531 1885 habitam,

269 1911 350 1972 inter
373 1911 483 1972 vineas
506 1910 643 1971 condam
669 1909 800 1973 Thome
824 1909 957 1972 Cheden
993 1931 1009 1972 a
1039 1911 1243 1974 meridionali
1277 1925 1307 1972 et
1331 1913 1455 1974 Nicolai
1480 1933 1529 1974 su-

267 2017 345 2078 toris
369 2016 444 2079 dicti
469 2015 657 2078 Vrecharicz
688 2036 705 2076 a
737 2017 1003 2098 septemtrionali,
1047 2019 1123 2080 item
1155 2018 1292 2100 desuper
1328 2019 1419 2079 avia
1445 2038 1531 2080 com-

268 2123 356 2184 muni
382 2137 413 2186 et
437 2121 518 2186 inira
544 2143 646 2205 usque
679 2123 819 2184 rivulum
853 2143 993 2184 unacum
1026 2124 1167 2206 virgulto
1200 2123 1303 2186 eidem
1327 2124 1420 2185 vinee
1445 2125 1531 2186 adia-

268 2230 370 2306 centi;
396 2230 471 2290 item
498 2229 660 2310 quandam
686 2243 802 2290 terram
827 2228 981 2290 arabilem
1007 2231 1039 2290 in
1072 2231 1231 2292 territorio
1256 2244 1365 2292 nostro
1390 2229 1529 2292 habitam

267 2336 307 2396 ad
333 2336 412 2397 duas
436 2335 487 2396 vel
512 2336 588 2397 citra
622 2335 748 2417 die(ta)s
781 2356 813 2396 se
846 2335 1070 2398 extendentem
1102 2337 1183 2398 inter
1214 2351 1312 2398 terras
1344 2337 1481 2398 arabiles
1513 2357 1531 2398 a

267 2455 354 2523 parte
380 2441 634 2523 septemtrionali
660 2441 793 2502 ecclesie
815 2443 913 2502 sancti
941 2442 1051 2520 Marci,
1076 2456 1199 2524 aparte
1224 2461 1300 2503 vero
1326 2441 1531 2504 meridionali

267 2567 365 2629 penes
389 2563 505 2608 terram
529 2567 750 2609 successorum
776 2548 912 2609 condam
939 2548 1090 2610 Theman
1125 2549 1267 2610 concivis
1292 2549 1403 2627 nostri,
1428 2549 1529 2632 ipsam

268 2653 493 2734 Magdalenam
520 2653 637 2735 partim
661 2651 729 2734 jure
753 2653 948 2715 hereditario
966 2654 1081 2736 partim
1104 2653 1172 2734 jure
1197 2654 1391 2736 posteritatis
1415 2667 1445 2716 et
1461 2675 1530 2716 suc·

266 2759 406 2820 cessorio
431 2779 448 2820 a
472 2757 604 2840 prefatis
629 2758 805 2820 Benedicto
831 2758 975 2820 institore
998 2773 1086 2841 patre
1111 2773 1141 2819 et
1166 2759 1267 2820 Paulo
1292 2760 1389 2841 priori
1416 2759 1530 2821 marito

267 2885 325 2926 suo
350 2879 611 2942 concernentem,
634 2863 723 2926 dedit
740 2879 770 2926 et
793 2865 976 2946 propinavit
993 2862 1116 2946 prefato
1135 2865 1293 2945 Gregorio
1317 2864 1384 2926 filio
1402 2866 1530 2927 Martini

267 2971 306 3032 de
332 2971 486 3053 Ztepnicz
504 2971 662 3032 moderno
686 2971 801 3032 marito
819 2989 888 3046 suo,
914 2971 956 3031 ita
981 2971 1141 3049 videlicet,
1159 2970 1248 3051 quod
1265 2972 1362 3032 ambo
1387 2971 1531 3033 viventes

267 3078 352 3139 iuxta
378 3078 557 3139 libertatern
584 3089 690 3138 nostre
716 3075 853 3137 civitatis
871 3076 1054 3158 disponant,
1074 3091 1146 3158 post
1171 3091 1306 3138 mortem
1332 3097 1407 3139 vero
1426 3079 1530 3156 unius,

264 3185 344 3244 alter
367 3184 578 3266 supervivens
602 3183 752 3264 disponat
777 3183 862 3244 iuxta
888 3202 977 3244 suam
1003 3183 1222 3259 voluntatem3
1246 3184 1296 3245 cui
1323 3183 1395 3244 data
1422 3197 1468 3245 est
1492 3185 1528 3245 li·

264 3303 330 3352 tera
355 3291 577 3372 privilegialis.

371 3397 469 3471 Quod
487 3398 563 3478 quia
577 3397 792 3458 communitas
809 3397 945 3458 civitatis
960 3395 1239 3477 Montisgrecensis
1255 3395 1399 3457 vendidit
1417 3416 1528 3478 quern·

264 3505 337 3565 dam
364 3503 500 3566 fundum
526 3503 686 3566 desertum
711 3518 742 3564 et
765 3504 899 3565 domum
926 3517 1082 3564 muratam
1107 3501 1265 3563 desertam
1291 3503 1427 3564 condam
1454 3523 1525 3584 pro·

262 3610 328 3671 vidi
354 3610 411 3671 viri
439 3610 580 3672 Simonis
604 3608 660 3671 filii
686 3609 818 3691 Georgii
844 3609 883 3670 de
901 3609 1059 3686 Veneciis,
1085 3609 1166 3668 inter
1192 3607 1309 3669 fundos
1342 3607 1461 3670 Mathia
1479 3629 1529 3670 su·

261 3718 350 3792 toris,
388 3738 404 3778 a
441 3731 529 3797 parte
564 3717 838 3798 septemtrionali,
875 3729 904 3775 ct
940 3715 1021 3775 inter
1054 3713 1191 3775 fundum
1231 3727 1262 3775 et
1286 3715 1421 3775 domum
1446 3715 1529 3778 Petri

263 3824 394 3905 Sporar,
418 3823 568 3884 videlicet
599 3822 793 3900 ameridie,
826 3841 861 3882 ac
896 3823 977 3883 inter
1013 3821 1147 3882 domum
1185 3821 1313 3882 Nicolai
1350 3821 1530 3900 sartoris,a

261 3943 349 4012 parte
375 3930 535 4007 orientali,
570 3928 709 3990 mediam
742 3929 861 3990 curiam
884 3929 922 3988 ad
959 3947 1051 3988 usum
1081 3941 1187 3988 nostre
1220 3927 1471 4006 communitatis,
1497 3948 1528 3987 se

262 4035 499 4112 extendentem,
524 4033 696 4096 Leonardo
713 4034 814 4095 sutori
831 4032 899 4094 filio
914 4033 1046 4114 Georgii
1072 4032 1328 4116 Vnterscheyner
1353 4033 1392 4094 de
1410 4035 1527 4095 Ketten

261 4161 320 4224 pro
345 4160 461 4202 novem
487 4139 556 4203 flor.
582 4141 650 4201 auri
676 4139 744 4222 jure
768 4153 924 4221 perpetuo
957 4160 992 4200 ac
1027 4139 1113 4220 juxta
1138 4140 1365 4202 condicionem
1390 4140 1529 4201 civitatis

260 4248 518 4329 disponendam;
543 4247 592 4308 cui
619 4246 692 4308 data
717 4261 764 4308 est
788 4246 878 4307 litera
904 4246 1122 4328 privilegialis.

259 4484 356 4556 feria
387 4494 511 4574 quarta
546 4485 704 4555 videlicet
728 4489 761 4554 in
799 4485 916 4574 vigilia
950 4483 1206 4556 Purificacionis
1237 4483 1379 4572 virginis
1411 4483 1527 4554 Maria.

771 4649 812 4714 (1.
845 4639 1015 4714 februarii).

370 4779 447 4840 ltem
471 4779 623 4840 dominus
642 4777 778 4840 Matthias
796 4777 953 4860 plebanus
970 4778 1009 4838 de
1029 4779 1205 4842 Kraneaina
1230 4779 1326 4861 polya
1353 4777 1437 4839 filius
1455 4776 1527 4838 Cle·

258 4885 388 4964 mentis,
413 4885 556 4947 concivis
579 4900 696 4964 noster,
722 4885 855 4945 domum
881 4903 971 4944 suam
991 4899 1150 4945 muratam
1176 4903 1248 4946 cum
1274 4883 1408 4944 edificiis
1433 4903 1528 4963 super

259 4992 398 5060 eandem
424 4993 625 5082 constructis,
650 5011 743 5054 muro
768 4991 904 5064 civitatis
928 5012 944 5052 a
969 5007 1057 5084 parte
1089 4991 1292 5062 meridionali
1318 5009 1486 5068 annexam,
1511 5009 1527 5056 a
