3840 5800
879 464 1027 526 Rationes.
1527 481 1589 546 309

430 677 555 740 Eodem
579 697 675 756 anno,
700 677 805 758 primo
822 677 873 738 die
898 677 1097 759 septembris,
1123 675 1188 738 dati
1205 692 1279 738 sunt
1303 677 1424 738 eisdem
1449 675 1518 740 flor.
1538 677 1585 738 vi-

324 784 408 866 ginti
432 785 588 866 quinque.

433 896 530 952 Anno
547 890 671 952 domini
698 891 870 952 millesimo
887 889 1147 971 quingentesimo
1169 908 1267 968 nono,
1295 889 1327 950 in
1353 885 1433 950 lesto
1452 887 1586 970 Georgii

326 995 392 1059 dati
416 1009 491 1059 sunt
514 996 734 1078 prebendariis
758 995 826 1059 flor.
850 995 964 1074 viginti
989 994 1145 1076 quinque.

430 1101 555 1164 Eodem
581 1122 667 1164 anno
692 1103 723 1164 in
748 1101 829 1164 festo
848 1101 1024 1164 Katharine
1041 1101 1105 1162 dati
1130 1113 1204 1162 sunt
1220 1100 1341 1162 eisdem
1365 1102 1586 1183 prebendariis

326 1209 395 1273 flor.
420 1210 533 1291 viginti
559 1210 714 1292 quinque.
1195 1208 1368 1287 lohannes,
1393 1209 1542 1272 decanus.

436 1315 631 1397 15ro.ltem
657 1316 772 1378 iterum
792 1315 951 1378 dederunt
975 1313 1105 1378 infesto
1131 1315 1336 1376 Ascensionis
1361 1315 1492 1377 Domini
1517 1316 1587 1380 flor.

323 1422 439 1504 viginti
464 1423 618 1504 quinque.

433 1552 525 1611 1510.
551 1531 629 1592 ltern
654 1529 732 1593 seria
755 1531 853 1592 tercia
878 1543 950 1612 post
981 1529 1097 1592 festum
1123 1527 1361 1610 Concepcionis
1387 1529 1498 1608 Maris,
1524 1549 1585 1612 ego

324 1637 512 1700 Franciscus
535 1637 676 1700 decanus
700 1636 801 1699 fateor
826 1655 877 1698 me
901 1637 1058 1719 recepisse
1082 1656 1100 1697 a
1125 1634 1265 1697 dominis
1288 1635 1357 1700 flor.
1381 1637 1480 1700 XXV.

535 1745 635 1806 Manu
663 1744 803 1827 propria.

430 1871 519 1932 1511.
545 1850 615 1932 Ego
637 1850 814 1934 Dyonisius
831 1849 1063 1931 prebendarius
1088 1848 1189 1912 fateor
1205 1869 1257 1912 me
1281 1851 1436 1932 recepisse
1461 1851 1493 1911 in
1511 1869 1584 1932 pro-

324 1954 409 2019 festo
432 1977 456 2022 s.
480 1955 593 2020 Crucis
616 1955 686 2022 flor.
710 1957 810 2020 XXV.

431 2063 556 2126 Eodem
581 2082 666 2126 anno
690 2063 723 2124 in
749 2062 830 2126 lesto
848 2063 966 2145 Egidii,
991 2083 1052 2144 ego
1085 2064 1275 2126 Leonerdus
1298 2063 1438 2126 decanus
1461 2065 1588 2146 percepi

322 2167 392 2232 flor.
416 2169 517 2234 XXV.

433 2296 523 2357 1512.
547 2277 618 2359 Ego
643 2277 831 2339 Leonardus
849 2277 999 2354 decanus,
1015 2277 1091 2341 enni
1109 2278 1278 2359 prenotati,
1296 2295 1353 2359 pro
1372 2277 1467 2338 missa
1483 2278 1585 2340 sancti

321 2382 405 2464 regis
430 2382 595 2466 Stephani,
621 2385 652 2446 in
679 2382 757 2447 lesto
775 2382 927 2445 kathedre
952 2384 1052 2445 sancti
1084 2384 1167 2445 Petri
1186 2384 1218 2444 in
1242 2399 1360 2446 sortem
1386 2383 1473 2444 illius
1491 2384 1586 2446 misse

323 2487 427 2552 fateor
450 2509 502 2551 me
527 2490 706 2573 percepisse
730 2511 748 2551 a
772 2490 914 2551 dominis
938 2489 1006 2553 flor.
1029 2489 1129 2553 XXV.

434 2618 524 2680 15¹3·
549 2597 620 2679 Ego
646 2595 821 2679 Gregorius
846 2596 986 2658 decanus
1010 2616 1068 2678 pro
1093 2597 1205 2659 missa:
1232 2596 1278 2658 Os
1302 2595 1387 2677 justi,
1414 2596 1514 2660 fateor
1538 2617 1585 2659 re-

323 2702 444 2784 cepisse
468 2703 502 2764 in
526 2700 609 2766 festo
631 2703 784 2766 lratbedre
808 2704 906 2764 sancti
934 2703 1017 2764 Petri
1042 2723 1059 2764 a
1085 2703 1225 2766 dominis
1249 2703 1317 2768 flor.
1342 2689 1441 2768 XXV.

433 2830 525 2890 ¹513·
549 2809 619 2892 Ego
643 2810 768 2872 Blasius
785 2809 825 2871 de
841 2809 1115 2892 Zeyanohraztye‚
1134 2810 1273 2871 decanus
1297 2809 1585 2892 prebendariorum

325 2915 460 2978 ecclesie
494 2917 732 3000 zegrabieusis‚
764 2917 796 2978 in
829 2915 910 2978 festo
941 2916 1048 2998 Egidii
1081 2915 1271 2978 confessoris
1310 2937 1368 3000 pro
1401 2918 1513 2979 missa:
1540 2917 1586 2979 Os

321 3021 406 3103 justi,
431 3024 560 3106 percepi
585 3044 602 3084 a
627 3023 768 3085 dominis
792 3023 860 3086 flor.
886 3022 1000 3104 viginti
1026 3023 1179 3104 quinque.

433 3149 524 3211 1514.
551 3129 620 3211 Ego
638 3129 763 3192 Blasius
787 3128 827 3190 de
845 3129 1118 3212 Zeyanohraztye,
1136 3129 1275 3190 decanus
1296 3129 1583 3211 prebendariorum

324 3235 459 3299 ecclesie
484 3237 710 3318 zagrabiensis,
735 3235 836 3298 fateor
860 3255 912 3297 me
936 3235 1092 3318 recepisse
1117 3257 1134 3297 a
1159 3235 1300 3297 dominis
1323 3255 1379 3318 per
1397 3237 1584 3317 magistrum

320 3342 507 3404 Ladislaurn
531 3362 669 3424 spanum
696 3342 735 3403 de
754 3341 910 3421 Gradecz,
935 3343 966 3403 in
992 3341 1074 3430 festo
1105 3342 1257 3404 kathedre
1282 3341 1366 3403 Petri
1391 3362 1449 3424 pro
1468 3343 1580 3404 missa:

321 3447 367 3510 Os
390 3448 477 3530 justi,
501 3448 571 3512 flor.
595 3448 694 3511 XXV.

430 3575 520 3635 1514.
545 3554 615 3635 Ego
640 3554 778 3616 Michael
804 3554 947 3616 decanus
963 3553 1250 3636 prebendariorum
1267 3555 1356 3616 chori
1381 3552 1513 3616 ecclesie
1532 3575 1582 3615 za·

320 3661 499 3743 grabiensis
523 3659 626 3724 fateor
642 3681 694 3724 me
718 3661 873 3742 recepisse
903 3681 921 3722 a
945 3659 1087 3722 dominis
1110 3679 1167 3743 per
1183 3662 1371 3742 magistrum
1397 3661 1581 3722 Ladislaum

319 3787 456 3850 spanum
492 3768 532 3830 de
557 3767 712 3847 Gradecz‚
745 3769 778 3828 in
810 3765 890 3830 festo
925 3767 1009 3829 beuti
1041 3767 1148 3849 Egidii
1188 3787 1246 3849 pro
1271 3769 1384 3830 missa:
1419 3766 1465 3830 Os
1497 3767 1582 3848 justi,

322 3873 391 3939 flor.
414 3874 515 3940 XXV.
