3810 5806
754 568 841 625 Anno
863 564 955 643 1506.
1445 568 1485 648 85

223 775 382 838 moderno
406 777 505 858 judici
530 791 561 839 et
585 779 710 840 concivi
735 791 845 840 nostro
877 798 913 841 ac
945 799 1001 861 per
1026 799 1100 842 eum
1131 781 1197 841 suis
1228 780 1401 843 heredibus
1424 801 1484 864 pro

222 902 275 944 sex
299 882 368 950 flor.
390 884 471 964 auri,
495 903 551 966 per
575 885 715 946 eundem
742 885 926 946 Emericum
943 886 1083 967 judicem
1109 901 1254 949 nostrum
1272 887 1366 950 nobis
1389 889 1485 970 plene

223 989 305 1051 datis
329 1003 360 1050 et
383 989 556 1072 persolutis
580 991 787 1053 vendidimus
811 1005 842 1054 et
858 992 1055 1054 contulimus
1083 993 1151 1075 jure
1175 1006 1331 1076 perpetuo
1357 1007 1387 1055 et
1410 995 1486 1056 irre·

221 1095 410 1159 vocabiliter
442 1097 689 1180 possidendam,
724 1118 820 1182 super
855 1119 921 1181 quo
957 1101 1030 1162 data
1062 1113 1109 1162 est
1140 1101 1231 1162 litera
1263 1101 1484 1182 privilegialis.

224 1201 341 1264 Datum
367 1203 420 1266 die
445 1204 612 1266 dominico
637 1205 669 1266 in
693 1205 836 1287 profesto
860 1206 1101 1269 Purificacionis
1126 1207 1237 1270 Mario.

327 1310 426 1384 Quod
451 1312 526 1393 quia
551 1311 751 1374 honorabilis
775 1312 928 1374 dominus
945 1314 1102 1376 Martinus
1126 1313 1284 1396 plebanus
1309 1327 1427 1393 noster,
1451 1314 1484 1376 id

221 1437 294 1479 cum
319 1416 492 1480 sufficienti
510 1432 541 1480 et
564 1417 730 1500 fidedigno
747 1420 934 1482 testimonio
951 1439 1058 1482 coram
1084 1421 1178 1482 nobis
1202 1421 1285 1482 clare
1310 1436 1342 1484 et
1365 1422 1484 1484 seriose

221 1526 456 1607 comprobavit,
481 1525 570 1608 quod
595 1527 673 1587 dum
698 1527 891 1589 venerabilis
916 1527 1069 1589 dominus
1086 1527 1224 1590 Mathias
1246 1541 1357 1590 cantor
1381 1542 1411 1590 et
1435 1549 1484 1590 ca·

221 1631 358 1706 nonicus
374 1632 506 1694 ecclesie
524 1633 741 1714 zagrabiensis
758 1634 856 1696 vitam
873 1653 964 1696 suam
981 1634 1086 1696 adhuc
1104 1634 1246 1696 duxisset
1262 1634 1484 1717 temporalem,

221 1751 338 1800 extunc
363 1738 430 1820 ipse
455 1738 589 1801 domum
614 1759 704 1802 suam
729 1739 826 1802 simul
851 1759 923 1802 cum
949 1739 1051 1802 fundo
1076 1755 1107 1802 et
1131 1741 1250 1803 celario
1274 1741 1484 1802 subterraneo

218 1842 318 1924 lignei
351 1845 468 1927 operis,
500 1865 557 1928 per
589 1847 693 1929 ipsum
727 1846 897 1908 dominum
931 1846 1086 1908 Mathiam
1118 1847 1307 1908 constructis
1343 1847 1373 1907 in
1399 1847 1482 1908 dicta

216 1950 346 2012 civitate
380 1952 664 2033 Montisgrecensis
696 1953 777 2015 inter
817 1953 932 2015 domos
964 1967 995 2015 et
1028 1952 1147 2015 fuhdos
1178 1954 1482 2036 circumspectorum

218 2056 360 2118 virorum
385 2072 416 2119 et
440 2071 594 2138 nostram,
617 2058 769 2121 videlicet
794 2059 932 2122 Emerici
961 2059 1089 2139 literati,
1113 2059 1239 2142 judicis,
1263 2073 1294 2121 et
1318 2060 1482 2121 Ambrosii

216 2164 346 2243 sutoris,
371 2185 388 2226 a
414 2165 619 2227 meridionali
637 2179 668 2227 et
685 2168 724 2228 ab
748 2165 941 2228 occidentali
959 2166 1073 2248 plagis,
1087 2166 1269 2228 concivium
1288 2179 1484 2244 nostrorum,

216 2285 246 2332 et
270 2269 408 2332 tondum
433 2271 595 2334 desertum
619 2292 837 2334 successorum
864 2273 1001 2335 condam
1030 2273 1187 2334 Anthonii
1211 2271 1379 2334 Zthezicza
1404 2271 1481 2333 dicti

216 2397 234 2438 a
257 2378 513 2459 septemtrionali
538 2398 637 2460 penes
661 2377 779 2440 fundos
803 2379 946 2442 desertos
969 2399 1006 2440 ac
1030 2379 1166 2441 omnino
1183 2377 1316 2440 edificiis
1340 2392 1483 2440 carentes

218 2497 326 2545 nostre
344 2485 596 2564 communitatis,
613 2501 643 2546 et
667 2487 707 2547 ab
720 2486 868 2547 orientali
886 2487 1030 2568 partibus
1047 2485 1152 2568 platea
1169 2485 1361 2563 communis,
1377 2484 1482 2563 sitam,

216 2589 359 2652 habitam
385 2606 416 2652 et
439 2591 638 2670 existentem,
663 2611 735 2654 cum
761 2593 915 2654 omnibus
940 2591 1086 2654 eiusdem
1110 2591 1237 2670 domus,
1261 2589 1352 2652 fundi
1378 2603 1409 2652 et
1432 2610 1481 2652 ce·

215 2695 285 2758 larii
312 2697 516 2778 utilitatibus,
551 2697 675 2780 juribus
710 2711 741 2761 et
772 2699 979 2782 pertinenciis
1012 2697 1178 2776 universis,
1211 2697 1343 2758 ecclesie
1375 2709 1482 2759 nostre

215 2805 317 2865 sancti
343 2805 442 2866 Marci
468 2805 500 2866 in
526 2806 609 2867 dicta
634 2805 762 2868 civitate
787 2803 920 2867 fundate
945 2819 976 2866 et
993 2824 1049 2886 per
1073 2823 1274 2885 consequens
1298 2802 1481 2865 honorabili

215 2910 351 2972 domino
378 2911 517 2972 Martino
542 2912 699 2973 moderno
734 2912 873 2993 plebano
905 2924 937 2973 et
960 2911 1026 2972 suis
1058 2909 1215 2972 universis
1245 2909 1482 2971 successoribus

214 3015 332 3078 futuris
356 3017 503 3099 plebanis
524 3017 643 3100 prefate
661 3019 795 3080 ecclesie
812 3037 870 3099 pro
887 3031 1033 3100 tempore
1049 3016 1241 3094 constitutis,
1258 3035 1331 3078 cum
1356 3015 1479 3077 addita·

214 3139 327 3186 mento
352 3123 564 3206 quadraginta
589 3123 658 3186 flor.
684 3125 715 3186 in
741 3139 860 3186 sortem
884 3138 915 3185 et
932 3125 1149 3186 erreccionem
1174 3141 1257 3184 nove
1281 3121 1397 3184 domus
1413 3122 1480 3203 ple·

214 3232 311 3292 banie
336 3230 481 3293 eiusdem
507 3232 640 3293 ecclesie
665 3233 764 3293 sancti
792 3231 904 3310 Marci,
936 3250 998 3311 que
1032 3251 1049 3292 a
1078 3229 1224 3311 pluribus
1255 3229 1347 3290 annis
1378 3229 1481 3291 extitit

215 3338 359 3418 ruinosa,
383 3357 445 3418 que
469 3357 526 3420 per
551 3339 793 3419 predecessores
810 3339 909 3420 ipsius
925 3337 1048 3399 domiui
1067 3335 1197 3418 plebani
1221 3336 1354 3397 minime
1371 3335 1481 3398 fuisset

216 3457 382 3520 renovata,
417 3443 589 3505 dimisisset
621 3459 651 3506 et
683 3445 818 3525 legasset
850 3443 967 3505 talibus
999 3442 1246 3504 condicionibus
1277 3455 1306 3502 et
1339 3441 1480 3502 articulis

215 3549 445 3628 mediantibus,
470 3549 559 3632 quod
584 3552 670 3611 cives
686 3565 741 3612 aut
758 3551 974 3611 communitas
998 3549 1071 3610 illos
1088 3549 1299 3630 quadraginta
1324 3547 1392 3610 flor.
1410 3547 1479 3608 viro

214 3656 446 3738 circumspecto
470 3669 502 3718 et
526 3656 645 3718 idoneo
671 3657 710 3717 ad
736 3671 864 3738 tempus
886 3656 1064 3718 secundum
1089 3654 1244 3737 placitum
1269 3667 1414 3715 nostrum
1438 3652 1479 3714 ad

215 3781 331 3823 manus
356 3762 607 3844 assignavimus,
639 3764 695 3844 qui
727 3763 863 3844 singulis
890 3763 983 3824 annis
1015 3761 1054 3822 de
1087 3760 1238 3843 predictis
1267 3759 1479 3841 quadraginta

215 3868 284 3931 flor.
311 3869 452 3950 plebano
475 3870 576 3931 sancti
601 3870 699 3931 Marci
718 3889 776 3952 pro
793 3885 938 3951 tempore
959 3869 1145 3947 constituto,
1162 3880 1300 3949 quatuor
1324 3865 1393 3928 tior.
1411 3866 1478 3926 sine

216 3976 307 4037 omni
332 3976 583 4038 litisminacione
608 3991 639 4038 et
662 3977 790 4038 remissa
809 3976 883 4037 dare
907 3977 1068 4037 tenebitur
1093 3989 1123 4036 et
1140 3976 1199 4036 erit
1222 3974 1400 4055 obligatum
1417 3973 1479 4034 hoc

213 4096 322 4144 tamen
348 4082 431 4145 clare
457 4103 617 4164 express0,
641 4083 729 4166 quod
754 4083 821 4165 ipse
857 4083 1009 4144 dominus
1041 4081 1197 4143 Martinus
1228 4080 1386 4164 plebanus
1410 4099 1478 4141 mo·

214 4189 334 4251 deruus
358 4203 389 4250 et
413 4185 512 4252 futuri
537 4209 735 4252 successores
755 4189 803 4252 sui
829 4208 955 4271 semper
979 4189 1011 4250 in
1029 4189 1207 4271 septimana
1232 4187 1383 4249 videlicet
1408 4189 1478 4248 sab·

214 4297 290 4358 bato
316 4295 369 4357 die
395 4315 492 4358 unam
517 4297 646 4358 missam
671 4315 729 4379 pro
761 4296 868 4358 anima
901 4295 1000 4378 ipsius
1032 4293 1157 4356 domini
1190 4293 1310 4354 Mathie
1341 4294 1479 4356 cantoris

214 4403 333 4481 dicere,
358 4401 461 4464 lacere
486 4403 601 4466 debeat
618 4417 649 4464 et
677 4417 784 4464 teneat
804 4421 860 4464 seu
876 4420 1075 4463 successores
1091 4403 1139 4462 sui
1158 4400 1314 4476 debeant3
1338 4399 1478 4481 ideoque

213 4509 368 4571 dominus
394 4510 549 4572 Martinus
573 4510 750 4592 predictam
784 4509 919 4570 domum
945 4527 1016 4569 cum
1050 4507 1202 4568 omnibus
1225 4506 1369 4568 eiusdem
1395 4505 1478 4568 utili·

212 4618 333 4680 tatibus
356 4630 387 4678 et
411 4617 617 4699 pertinenciis
633 4616 791 4678 universis
808 4615 945 4696 provido
963 4615 1083 4676 Jacobo
1101 4612 1295 4675 Medwarich
1321 4612 1477 4674 moderno

213 4725 330 4807 jurato,
355 4743 391 4785 ac
415 4743 471 4806 per
496 4743 570 4785 eum
594 4724 660 4785 suis
683 4723 857 4785 heredibus
888 4741 946 4804 pro
979 4721 1191 4803 quadraginta
1215 4718 1283 4783 flor.
1308 4720 1376 4780 auri
1402 4739 1477 4781 ven-

214 4832 296 4894 didit
318 4831 387 4912 jure
412 4843 567 4913 perpetuo
591 4829 830 4912 possidendam.
865 4829 982 4890 Datum
1012 4829 1145 4890 sabbato
1177 4829 1244 4903 (ric)
1269 4827 1300 4887 in
1333 4823 1474 4908 profesto

214 4936 445 5001 Purificacions
468 4937 559 4998 beate
585 4937 685 4999 Marie
710 4936 853 5018 virginis.
881 4935 944 4998 Cui
969 4935 1042 4996 data
1075 4947 1121 4996 est
1152 4933 1243 4995 litera
1267 4931 1476 5016 privilegialis

214 5046 245 5107 in
271 5045 439 5128 pendenti.
