3810 5806
396 593 455 654 114
923 576 1009 633 Anno
1033 585 1121 650 1521.

389 788 505 850 derunt
529 803 559 849 et
584 788 789 850 contulerunt
821 759 1083 849 irrevodabiliter.
1117 787 1234 848 Datum
1267 785 1344 848 feria
1369 787 1481 869 quinta
1505 786 1652 868 proxima

389 907 461 976 post
491 893 606 956 festum
643 895 727 956 beati
761 893 928 956 Michaelis
959 893 1153 975 archangeli.
1187 899 1283 955 Anno
1317 893 1449 955 Domini
1479 892 1652 954 millesimo

389 1003 649 1084 quingentesimo
675 1001 842 1084 vigesimo.

494 1108 593 1182 Quod
618 1128 691 1170 cum
716 1109 783 1191 ipsa
815 1107 1030 1169 communitas
1061 1125 1119 1189 pro
1152 1105 1361 1189 expediendis
1393 1107 1487 1168 certis
1510 1105 1653 1187 negociis

389 1217 420 1276 in
446 1216 636 1277 consistorio
669 1215 876 1293 consedisset,
909 1228 985 1276 tunc
1017 1213 1155 1274 Michael
1183 1211 1314 1298 pellifex
1345 1213 1453 1274 senior
1477 1212 1597 1294 juratus
1621 1227 1653 1274 et

389 1323 529 1383 concivis
553 1335 671 1400 noster,
704 1321 869 1402 quoddam
903 1319 999 1382 fenile
1032 1339 1126 1381 suum
1159 1319 1192 1381 in
1223 1319 1385 1382 territorio
1410 1319 1546 1381 civitatis
1570 1319 1652 1380 inter

389 1428 544 1510 quasdam
569 1444 667 1489 terras
691 1443 797 1489 nostre
823 1427 1048 1506 communitas,
1072 1427 1135 1508 jam
1169 1427 1201 1489 in
1230 1429 1339 1507 rubos,
1363 1427 1470 1509 spinas
1495 1426 1650 1504 redactas,

389 1556 406 1595 a
432 1535 637 1596 meridionali
668 1547 768 1616 parte,
799 1536 838 1595 ab
871 1533 1019 1596 orientali
1051 1533 1200 1596 similiter
1232 1533 1314 1596 inter
1344 1533 1481 1595 tribulos
1504 1532 1652 1614 spinosos

390 1642 491 1702 eciam
516 1655 623 1702 nostre
648 1640 899 1720 communitatis,
924 1643 963 1701 ab
981 1640 1172 1702 occidentali
1190 1639 1337 1702 similiter
1362 1637 1459 1700 fenile
1484 1636 1651 1721 hospitalis

388 1748 487 1810 nostri
513 1750 605 1810 beate
631 1748 729 1808 Marie
754 1747 905 1828 virginis,
937 1749 977 1808 ab
1010 1747 1140 1808 australi
1165 1761 1196 1809 et
1228 1745 1482 1829 septemtrionali
1507 1745 1651 1827 partibus

388 1854 534 1915 similiter
558 1867 684 1936 pratum
710 1853 865 1915 heredum
883 1853 1009 1914 Nicolai
1035 1853 1190 1915 Horwath
1219 1853 1376 1932 habitum,
1400 1851 1485 1913 idem
1512 1851 1650 1913 Michael

388 1959 519 2042 pellifex
533 1959 681 2042 prudenti
696 1960 845 2021 Michaeli
863 1961 990 2022 literato
1007 1959 1105 2042 judici
1123 1975 1232 2022 nostro
1247 1980 1302 2042 per
1319 1959 1452 2022 modum
1471 1959 1650 2021 concambii

388 2067 573 2129 contulisset
590 2067 849 2130 irrevocabiliter.
876 2067 994 2128 Datum
1018 2069 1151 2130 sabbato
1170 2069 1318 2150 proximo
1341 2079 1413 2150 post
1430 2065 1544 2128 festum
1564 2065 1650 2129 Con·

387 2174 543 2235 versionis
567 2174 651 2234 beati
677 2173 777 2234 Pauli.
802 2177 898 2234 Anno
923 2173 1055 2234 Domini
1086 2193 1178 2254 ¹5²¹·

494 2280 591 2353 Quod
617 2299 690 2341 cnm
716 2280 783 2361 ipsa
808 2280 1023 2342 communitas
1054 2299 1113 2362 pro
1145 2280 1353 2362 expediendis
1385 2280 1478 2344 certis
1509 2279 1652 2361 negociis

388 2388 654 2464 consedissemus,
664 2401 740 2447 tunc
757 2387 876 2448 nobilis
892 2407 928 2448 ac
947 2385 1088 2468 prudens
1104 2387 1152 2448 vir
1169 2387 1315 2448 Thomas
1331 2386 1517 2470 Bodowych
1536 2387 1651 2464 dictus,

387 2495 465 2556 alias
487 2493 695 2555 scholasticus
712 2508 830 2572 noster,
847 2507 913 2554 tum
938 2494 969 2554 in
987 2513 1043 2554 sua
1060 2507 1195 2575 tumque
1213 2493 1332 2554 nobilis
1350 2493 1516 2554 Michaelis
1535 2493 1650 2575 dey·

387 2600 462 2683 sych
488 2600 575 2678 dicti,
601 2598 770 2680 fratrisque
788 2601 835 2660 sui
867 2599 1010 2683 adoptivi
1035 2600 1181 2682 personis
1198 2619 1305 2661 coram
1323 2600 1417 2661 nobis
1440 2599 1651 2681 personaliter

387 2709 590 2785 constitutus,
621 2721 734 2788 sponte
765 2720 795 2768 et
828 2707 926 2769 libere
959 2705 1061 2769 fassus
1094 2719 1140 2769 est
1168 2707 1199 2769 in
1233 2708 1317 2768 hunc
1342 2706 1496 2768 modum:
1525 2721 1559 2768 ut
1583 2707 1649 2788 ipse

388 2814 549 2895 quandam
576 2813 709 2874 domum
736 2825 904 2890 muratam,
929 2833 1002 2874 cum
1030 2813 1132 2876 tribus
1163 2814 1370 2891 stationibus,
1395 2813 1538 2890 cellario,
1563 2827 1649 2874 turre

388 2921 530 2998 muratis,
555 2921 690 2982 omnino
715 2920 862 2999 ruinosis,
895 2934 991 3001 prout
1021 2922 1169 3003 superius
1193 2921 1224 2982 in
1249 2899 1387 2982 fassione
1411 2919 1572 2981 nobilium
1597 2919 1649 2980 Jo-

387 3027 501 3089 hannis
526 3026 655 3109 Snbych
680 3047 716 3088 ac
742 3027 908 3088 Michaelis
932 3026 1121 3111 Oprasnych
1151 3041 1235 3090 mete
1260 3028 1404 3106 existant,
1429 3046 1502 3088 cum
1527 3026 1648 3088 eisdem

387 3137 480 3196 metis
494 3149 524 3196 et
537 3133 682 3194 terminis
699 3134 849 3216 prudenti
863 3134 932 3195 viro
943 3133 1093 3197 Michaeli
1110 3135 1237 3196 literato
1247 3133 1370 3196 concivi
1385 3147 1505 3210 nostro,
1523 3152 1648 3194 necnon

387 3241 518 3302 domine
542 3245 636 3301 Anne
661 3239 840 3301 conthorali
865 3239 1008 3302 eiusdem
1028 3260 1085 3322 pro
1107 3240 1177 3304 flor.
1195 3255 1322 3303 centum
1348 3240 1416 3302 auri
1434 3239 1649 3302 vendiderunt

386 3345 453 3426 jure
479 3360 635 3428 perpetuo
660 3359 691 3408 et
708 3347 968 3408 irrevocabiliter.
987 3346 1105 3409 Datum
1131 3346 1210 3409 feria
1227 3361 1313 3408 sexta
1339 3347 1369 3408 in
1397 3345 1539 3428 profesto
1558 3345 1648 3406 Puri-

390 3451 552 3516 ficacionis
577 3456 667 3514 beate
692 3454 793 3516 Marie
817 3453 959 3536 virginis.
984 3459 1080 3515 Anno
1106 3454 1237 3516 Domini
1268 3473 1358 3534 15²¹·

494 3560 591 3633 Quod
617 3579 687 3620 cum
714 3579 773 3620 nos
797 3579 855 3642 pro
873 3559 1080 3642 expediendis
1104 3561 1197 3622 certis
1214 3560 1358 3642 negociis
1374 3560 1490 3624 nostris
1514 3559 1546 3621 in
1572 3577 1647 3620 con·

388 3665 516 3727 sistorio
547 3680 657 3727 nostro
690 3665 963 3745 consedissemus,
993 3681 1069 3728 tunc
1101 3667 1242 3749 prudens
1274 3667 1321 3728 vir
1344 3665 1481 3728 Michael
1505 3665 1649 3727 literatus

387 3773 562 3834 modernus
586 3772 680 3852 judex
706 3785 825 3850 noster,
850 3793 867 3835 e
892 3773 1000 3834 medio
1033 3773 1132 3836 nostri
1166 3787 1307 3835 nostram
1340 3791 1496 3854 exurgens
1521 3773 1553 3833 in
1578 3791 1647 3854 pre-

386 3878 538 3958 senciam,
563 3877 728 3959 fassusque
753 3879 870 3940 exstitit
889 3879 922 3940 in
947 3879 1030 3940 hunc
1048 3879 1194 3959 modum,
1218 3894 1253 3940 ut
1269 3880 1336 3961 ipse
1360 3879 1525 3960 quoddam
1550 3877 1647 3940 fenile

386 4005 480 4046 suum
506 3985 587 4046 inter
601 3999 684 4047 certa
702 3984 813 4048 fenilia
830 3999 936 4048 nostre
954 3987 1194 4048 communitatis
1210 4006 1312 4069 prope
1336 3987 1446 4048 villam
1472 3985 1648 4070 walyana

386 4092 534 4169 existens,
563 4112 579 4152 a
612 4107 699 4173 parte
732 4093 879 4154 orientali
913 4107 944 4154 et
975 4093 1180 4155 meridionali
1213 4107 1244 4155 et
1276 4091 1469 4154 occidentali
1501 4091 1648 4153 similiter

385 4199 540 4280 partibus,
565 4199 664 4279 spinis
688 4220 744 4260 seu
769 4199 921 4281 vepribus
944 4200 1091 4262 similiter
1116 4215 1223 4262 nostre
1248 4200 1488 4262 communitatis
1512 4199 1646 4260 circum·

388 4306 508 4383 voluta,
533 4307 572 4366 ab
597 4306 727 4366 australi
752 4327 829 4368 vero
858 4305 954 4367 fenile
987 4307 1114 4389 providi
1140 4307 1307 4368 Michaelis
1329 4307 1457 4388 Repecz
1482 4306 1569 4384 dicti,
1595 4305 1648 4366 ha·

387 4412 488 4472 bitum
514 4425 544 4473 et
569 4413 716 4492 existens,
741 4413 836 4474 simul
862 4432 933 4474 cum
952 4413 1104 4474 omnibus
1133 4413 1277 4475 eiusdem
1302 4411 1408 4475 fenilis
1431 4412 1647 4494 (utilitatibus)

385 4519 522 4601 provido
547 4534 577 4579 et
602 4519 737 4581 honesto
763 4521 831 4582 vito
857 4520 1006 4581 Michaeli
1031 4517 1161 4602 pellifici
1179 4539 1235 4602 per
1260 4519 1394 4581 modum
1418 4519 1599 4581 concambii
1617 4531 1647 4580 et

385 4627 636 4706 permutacionis
660 4645 717 4708 pro
743 4625 807 4687 alio
832 4626 921 4687 fenili
947 4625 1061 4708 prefati
1080 4626 1248 4688 Michaelis
1272 4623 1419 4708 pellificis
1443 4625 1590 4687 similiter
1614 4625 1646 4686 in

311 4789 317 4800 ,
384 4733 544 4793 territorio
569 4731 690 4814 prefate
716 4733 852 4793 civitatis
884 4733 1041 4812 habitum,
1077 4732 1234 4793 dederunt
1269 4747 1300 4794 et
1335 4746 1557 4815 permutarunt
1580 4730 1647 4811 jure

383 4852 538 4920 perpetuo
565 4853 595 4900 et
620 4839 881 4902 irrevocabiliter.
908 4839 1026 4900 Datum
1044 4838 1121 4900 feria
1138 4840 1250 4920 quinta
1274 4839 1418 4922 proxima
1442 4853 1515 4921 post
1531 4835 1645 4900 festum

384 4945 467 5006 beati
492 4945 657 5007 Vincencii
683 4946 830 5008 martiris.
856 4950 951 5007 Anno
970 4945 1101 5008 Domini
1127 4945 1300 5006 millesimo
1325 4945 1585 5027 quingentesimo
1601 4943 1645 5006 vi·

382 5052 507 5134 gesimo
538 5053 652 5133 primo.
