3804 5798
817 561 1000 621 Inventan'a.
1470 581 1532 646 209

374 771 581 852 sexagesime
605 783 717 852 quarte
742 770 833 832 litere
856 771 988 854 papales
1015 785 1167 834 sonantes
1191 773 1419 837 archidiacono
1443 775 1530 838 chas-

268 878 382 956 mensi,
407 877 563 960 plumbeo
588 876 707 958 sigillo,

371 984 576 1066 Sexagesime
601 983 713 1066 quinte
738 983 829 1045 litere
855 983 995 1066 Philippi
1029 985 1171 1069 episcopi
1196 987 1413 1068 zagrabiensis
1437 1009 1532 1072 super

265 1091 514 1154 confirmacione
540 1091 663 1173 capelle
688 1092 780 1153 beate
804 1091 940 1172 virginis
965 1092 1005 1155 de
1029 1093 1198 1175 Zagrabia.

370 1197 577 1280 Sexagesime
600 1209 687 1258 sexte
711 1196 803 1258 litere
827 1195 925 1258 lwani
950 1199 1077 1260 comitis
1105 1197 1162 1261 filii
1188 1198 1314 1261 lrozlaii
1339 1220 1435 1282 super
1459 1203 1529 1284 qui·

265 1305 397 1367 busdam
423 1304 680 1386 possessionibus
704 1305 736 1364 in
761 1303 934 1366 Zamobor.

370 1411 574 1492 Sexagesime
597 1410 733 1493 septime
758 1409 849 1471 litere
873 1409 1026 1472 Berhardi
1044 1411 1186 1493 episcopi
1203 1413 1430 1492 zagrabiensis‚
1447 1414 1528 1475 duo·

264 1521 322 1580 bus
344 1517 458 1598 sigillis
481 1517 616 1597 signate,
641 1516 714 1578 aule
739 1517 824 1597 regie
851 1517 1026 1578 Maiestatis
1051 1517 1191 1599 sumpini
1216 1518 1396 1582 cancelarii.

370 1622 575 1705 Sexagesime
608 1637 719 1684 octave
752 1622 843 1684 litere
876 1623 960 1684 Petri
993 1623 1121 1685 curialis
1155 1623 1282 1686 comitis
1314 1625 1529 1707 zagrabiensis

262 1749 359 1813 super
382 1743 500 1791 terram
525 1729 625 1791 sancti
650 1728 772 1790 Jacobi.

366 1835 570 1917 Sexagesime
594 1853 679 1897 noue
705 1835 796 1896 litere
819 1831 1038 1917 privilegiales
1056 1835 1181 1896 Nicolai
1206 1835 1350 1918 episcopi
1374 1826 1528 1899 sonantes

260 1941 367 2004 abbati
392 1941 578 2002 monasterii
602 1941 693 2002 beate
717 1939 861 2022 virginis,
886 1939 995 2022 sigillo
1020 1940 1175 2021 plumbeo
1199 1941 1335 2022 signate.

368 2046 609 2131 Septuagesime
635 2047 725 2108 litere
750 2046 835 2108 Petri
867 2045 908 2108 de
932 2046 1095 2126 Aragonia
1129 2047 1253 2109 abbatis
1277 2049 1369 2110 beate
1393 2049 1526 2130 virginis

261 2174 357 2237 super
382 2155 538 2216 citacione
563 2167 594 2215 et
619 2153 824 2214 interdictum
843 2165 953 2214 contra
970 2152 1129 2234 quosdam
1147 2152 1349 2215 Clementem
1375 2169 1406 2216 et
1423 2154 1525 2218 Geor·

259 2262 361 2342 glum,
385 2261 417 2322 in
442 2261 555 2343 papiro
584 2257 739 2322 coniecte.

365 2366 608 2449 Septuagesime
633 2365 736 2448 prime
753 2365 844 2427 litere
870 2365 1003 2428 Roberri
1027 2365 1063 2426 D.
1084 2363 1122 2428 D.
1140 2365 1285 2445 minoris,
1309 2386 1366 2448 per
1389 2367 1523 2430 modum

258 2473 438 2536 citacionis.

363 2580 606 2662 Septuagesime
630 2578 770 2641 secunde
803 2578 894 2641 litere
926 2578 1091 2641 Valentini
1123 2577 1180 2640 filii
1215 2579 1383 2643 Michaelis
1407 2581 1523 2664 judicis

256 2705 352 2769 super
376 2687 514 2768 quadam
541 2687 743 2768 possessione
768 2698 799 2748 et
822 2686 927 2748 vinee.

362 2793 606 2876 Septuagesime
630 2793 726 2854 tercie
751 2791 843 2853 litere
869 2792 900 2853 in
924 2791 1037 2874 papiro
1066 2791 1165 2872 longo
1190 2790 1346 2871 coniecte,
1370 2807 1522 2855 sonantes

255 2899 395 2981 capitulo
422 2897 633 2981 zagrabiensi.

361 3005 605 3088 Septuagesime
638 3018 749 3086 quarte
781 3004 873 3066 litere
904 3001 1034 3068 Nicolai
1068 3003 1193 3065 abbatis
1225 3024 1320 3086 super
1353 3004 1518 3086 quoddam

253 3111 354 3174 fundo
380 3111 533 3194 Stephani
559 3111 675 3172 literati
701 3111 739 3170 de
766 3109 919 3187 Abbacia‚
944 3111 1064 3191 absque
1089 3109 1207 3190 sigillo.

359 3218 603 3301 Septuagesime
628 3217 740 3298 quinte
764 3217 855 3277 litere
880 3217 911 3277 in
937 3216 1051 3297 papiro
1081 3214 1237 3294 conicere,
1261 3230 1411 3278 sonantes
1436 3218 1518 3278 Mar·

252 3326 321 3387 tino
345 3325 453 3387 abbati
479 3344 581 3406 nuper
604 3327 673 3400 (sic)
697 3323 895 3384 monasterii.

357 3431 600 3514 Septuagesime
624 3442 711 3492 sexte
736 3429 826 3490 litere
851 3427 982 3511 capituli
1015 3429 1233 3508 zagrabiensis
1263 3448 1361 3510 super
1385 3428 1517 3510 quibus-

252 3538 326 3599 dam
353 3537 481 3599 duobus
499 3537 670 3599 maccellis.
