3840 5800
1015 1751 1081 1833 xl.

344 2086 349 2094 Ι
427 2001 621 2084 1508.Pro
652 2002 785 2064 missa
817 1999 1126 2064 defunctorum
1169 2001 1369 2082 singulis
1404 2001 1683 2064 diebutcon-

420 2110 641 2173 tinuenda
666 2110 917 2190 submagna
941 2108 1083 2186 misse,
1113 2108 1402 2190 superaltari
1427 2108 1682 2190 quod'reve-

423 2215 719 2279 rendissimus
744 2215 950 2278 dominus
982 2213 1167 2276 condem
1192 2214 1415 2277 Osueldus
1439 2216 1681 2298 episcopus

423 2322 592 2406 spinga
617 2322 873 2404 aquilonari
905 2322 946 2383 in
979 2321 1232 2382 sanctuario
1263 2322 1312 2383 de
1336 2340 1448 2383 novo
1472 2320 1683 2384 fundave-

419 2443 493 2510 rat,
529 2429 645 2492 iacta
680 2443 745 2492 est
779 2427 1027 2491 convencio
1063 2446 1150 2489 cum
1181 2427 1491 2510 prebendariis
1540 2447 1681 2510 usque

419 2535 762 2599 revolucionem
799 2535 900 2596 unni
939 2553 1014 2616 pro
1049 2531 1148 2597 flor.
1182 2533 1349 2616 viginti
1387 2534 1608 2616 quinque,
1640 2534 1683 2595 in

422 2641 824 2704 duobueterminis
848 2639 1417 2722 eisdemsolvendis3quem
1443 2640 1683 2722 iidempre·

420 2747 625 2810 bendsrii
649 2748 918 2829 inceperunt
942 2745 1209 2808 continuare
1233 2747 1273 2808 in
1299 2745 1417 2809 festo
1442 2748 1560 2809 beati
1587 2747 1683 2809 Bar-

421 2855 528 2916 nnbe
553 2853 817 2936 spostoli‚et
841 2852 947 2914 hanc
971 2851 1419 2935 missamCepitulum
1444 2853 1681 2916 ordinavit

509 2973 549 3022 et
572 2959 714 3022 solvit
745 2959 795 3021 de
828 2959 1126 3041 proventibus
1159 2959 1352 3040 ipsorum
1376 2960 1586 3042 propriis.

529 3213 626 3271 Anno
650 3209 826 3292 prescripto
858 3209 891 3270 in
924 3206 1005 3270 festo
1029 3208 1113 3270 besti
1139 3207 1268 3270 Martini
1300 3208 1454 3290 episcopi,
1479 3207 1683 3290 prebendarii

425 3335 485 3400 pro
519 3314 765 3398 supportacione
797 3314 971 3396 prescripte
1002 3314 1098 3377 misse
1133 3313 1315 3376 habuerunt
1346 3313 1415 3378 flor.
1446 3313 1619 3376 duodecim
1652 3327 1685 3376 et

425 3422 579 3485 medium.

529 3549 625 3606 Anno
650 3545 783 3608 Domini
806 3566 895 3628 1509·
922 3545 1022 3608 iidem
1039 3545 1243 3628 prebendarii
1260 3546 1441 3608 babuerunt
1465 3545 1503 3607 de
1529 3544 1684 3629 Capitulo

424 3651 494 3716 flor.
519 3650 690 3712 duodecim
716 3666 747 3713 et
771 3651 926 3731 medium,
950 3653 982 3713 in
1007 3650 1088 3714 festo
1113 3652 1178 3715 Viti
1203 3667 1234 3714 et
1259 3652 1397 3715 Modesti
1422 3653 1600 3732 martirum,
1624 3672 1684 3735 pro

423 3757 671 3840 supportscione
695 3758 868 3840 prescripte
894 3759 998 3822 misse.

532 3880 658 3944 Eodem
683 3901 769 3944 enno
793 3880 928 3945 infesto
952 3883 1127 3947 Kstherine
1144 3885 1276 3966 virginis
1300 3884 1449 3947 dedimus
1473 3885 1613 3946 Johanni
1631 3885 1688 3947 de-

428 4008 509 4051 cano
539 3987 826 4070 prebendariorum
858 4008 916 4070 pro
947 3991 1195 4073 supportacione
1228 3991 1322 4052 misse
1355 3989 1580 4054 defunctorum
1615 4011 1687 4074 pre-

427 4095 543 4177 scripte
567 4092 635 4158 flor.
660 4093 831 4156 duodecim
857 4107 887 4157 et
912 4097 1067 4161 medium.

530 4200 574 4263 ita
598 4214 646 4264 est
669 4215 704 4263 ut
728 4202 876 4264 scribitur
1132 4204 1294 4266 iohannes
1319 4203 1470 4283 decanus,
1496 4205 1635 4287 propria.

536 4345 626 4406 15¹0·
651 4325 721 4406 Ego
746 4325 909 4389 Johsnnes
925 4327 1064 4389 decanus
1085 4327 1374 4410 prebendariorum
1399 4326 1500 4390 fateor
1524 4348 1575 4389 me
1599 4347 1687 4390 rece-

425 4431 509 4514 pisse
533 4451 550 4492 n
575 4431 715 4492 dominis
739 4431 771 4492 in
796 4433 933 4494 sacrario
958 4433 989 4494 in
1014 4431 1094 4496 festo
1120 4435 1287 4496 beatorum
1311 4435 1377 4496 Viti
1402 4448 1433 4497 et
1459 4433 1596 4496 Modesti
1627 4454 1689 4516 pro

427 4537 522 4599 missa
556 4535 781 4600 defunctorum
816 4536 885 4600 flor.
921 4539 1034 4621 viginti
1070 4541 1215 4622 quinque
1250 4559 1309 4623 pro
1345 4541 1479 4604 servicio
1515 4541 1591 4602 enni
1623 4541 1689 4624 jem

429 4663 514 4706 nunc
538 4643 673 4707 decursi.

540 4788 573 4848 15
584 4789 593 4828 r
605 4788 629 4832 r.
655 4767 724 4850 Ego
742 4769 928 4832 Franciscus
950 4769 1089 4833 decenus
1105 4771 1393 4853 prebendariorum
1410 4769 1511 4834 fateor
1527 4791 1578 4834 me
1602 4792 1689 4835 rece-

430 4875 513 4956 pisse
537 4893 555 4934 a
579 4873 720 4936 dominis
744 4875 775 4936 in
800 4880 936 4939 sacrario
963 4877 995 4938 in
1023 4877 1132 4958 vigilie
1166 4877 1321 4940 Johsnnis
1345 4877 1486 4960 Bnptiste
1511 4898 1568 4960 pro
1593 4880 1690 4941 missa

432 4977 656 5041 defunctorum
681 4979 750 5045 flor.
775 4981 875 5047 XXV.
