3842 5802
427 583 466 666 38
913 527 915 532 Ι
958 583 1157 661 Anno1477.

425 800 538 861 borem
563 797 676 875 cernui,
701 794 818 858 deinde
842 815 899 877 per
921 793 1186 857 interseceionem
1215 794 1329 856 vitium
1353 794 1394 856 ad
1419 794 1515 856 aliam
1541 797 1687 858 arborem

426 905 527 966 cerusi
553 903 585 965 in
609 901 672 964 fine
697 902 790 963 vinee
815 901 988 980 existentis,
1025 921 1117 963 cruce
1149 901 1318 982 signatam,
1342 914 1374 964 et
1397 901 1514 963 abhinc
1538 903 1689 964 consimi-

425 1010 498 1072 liter
522 1008 642 1070 directe
666 1005 749 1068 inira
773 1026 876 1089 usque
894 1007 1064 1069 decursum
1086 1026 1170 1088 aque
1186 1007 1355 1090 pluvialis3
1381 1007 1457 1068 item
1475 1007 1607 1090 insuper
1623 1027 1688 1069 me-

425 1115 551 1178 dietatis
574 1113 714 1176 secunde
732 1113 825 1174 vinee
849 1113 949 1196 ipsius
966 1112 1103 1175 condam
1122 1114 1277 1175 Johannis
1298 1113 1426 1193 Bolsak‚
1452 1133 1549 1195 quam
1575 1113 1688 1196 prefati

428 1234 612 1284 executores
636 1221 784 1282 similiter
815 1219 973 1281 dederunt
1003 1220 1099 1281 simul
1129 1220 1160 1281 in
1194 1239 1294 1281 unum
1328 1221 1514 1282 coniunctas
1538 1234 1568 1282 et
1591 1241 1690 1302 penes

429 1329 539 1390 vineas
563 1327 654 1388 Pauli
678 1325 735 1388 filii
762 1325 900 1388 condam
925 1325 1104 1390 Clementis
1135 1327 1271 1388 Fudricz
1301 1327 1377 1388 dicti
1401 1339 1432 1388 et
1456 1327 1537 1388 inter
1561 1327 1688 1388 vineam

428 1454 485 1495 seu
514 1432 667 1516 (h)ortum
693 1433 830 1496 condam
854 1433 980 1495 Nicolai
1000 1433 1128 1494 sartoris
1143 1430 1202 1494 filii
1219 1433 1403 1494 Damiania
1426 1446 1514 1516 parte
1538 1433 1689 1495 meridio-

426 1540 502 1619 nali,
526 1540 664 1622 desuper
688 1560 706 1600 a
730 1540 780 1602 via
806 1540 983 1618 communi,
1007 1539 1104 1601 simul
1128 1558 1199 1600 cum
1218 1540 1314 1601 tercia
1339 1553 1428 1622 parte
1452 1553 1534 1602 terre
1559 1539 1689 1600 arabilis

426 1667 521 1728 supra
546 1647 682 1708 eandem
715 1646 843 1708 vineam
875 1645 1002 1724 habite,
1034 1665 1070 1708 ac
1104 1665 1175 1707 cum
1209 1647 1300 1707 totali
1332 1645 1459 1709 stabulo
1484 1665 1540 1707 seu
1565 1645 1688 1708 koucha

426 1773 522 1836 supra
546 1753 682 1818 eandem
708 1754 847 1832 vineam,
873 1767 903 1814 et
934 1752 1016 1814 infra
1049 1771 1150 1835 usque
1175 1752 1327 1831 rivulum,
1358 1753 1507 1814 similiter
1531 1772 1604 1814 cum
1628 1767 1688 1815 sta·

428 1860 506 1922 bulo
530 1879 585 1921 seu
610 1859 734 1922 koucha
766 1861 825 1921 sub
854 1860 968 1921 eadem
1000 1859 1095 1921 vinea
1127 1859 1280 1921 existente
1304 1879 1337 1921 se
1369 1859 1579 1922 extendentis.
1604 1861 1689 1922 Mete

427 1981 536 2028 tamen
559 1966 621 2027 hoc
645 1966 758 2027 ordine
783 1966 998 2048 incipiuntur:
1032 1966 1120 2048 quod
1151 1967 1254 2047 prima
1285 1979 1369 2028 meta
1403 1966 1514 2047 incipit
1536 1986 1631 2048 supra
1656 1967 1689 2027 in

425 2072 570 2155 predicta
594 2073 644 2133 via
669 2073 847 2154 communi,
871 2074 911 2134 ab
939 2072 1116 2151 occidente,
1149 2072 1266 2133 deinde
1291 2070 1372 2133 infra
1397 2092 1453 2154 per
1477 2070 1632 2133 fossatum
1657 2086 1689 2133 et

426 2193 569 2241 meatum
595 2198 678 2261 aque
701 2179 853 2261 pluvialis
877 2179 1094 2242 interdictam
1118 2179 1249 2241 terciam
1265 2193 1388 2262 partem
1413 2178 1496 2240 dicte
1520 2192 1602 2240 terre
1620 2199 1688 2240 ata·

425 2285 499 2347 bilis
523 2286 606 2348 inter
628 2286 817 2368 porcionem
841 2286 941 2368 ipsius
964 2285 1103 2348 condam
1128 2285 1283 2347 iohannis
1307 2285 1424 2347 Bolsak
1448 2305 1484 2346 ac
1508 2285 1591 2348 inter
1608 2285 1688 2347 duas

425 2393 595 2475 porciones
619 2392 763 2454 eiusdem
787 2405 869 2454 terre
901 2393 1041 2471 arabilis,
1065 2393 1300 2474 porcionesque
1332 2390 1446 2474 prefati
1471 2392 1598 2453 Nicolai
1623 2411 1686 2453 sar·

423 2500 501 2561 toris
524 2519 580 2581 per
605 2499 749 2560 eiusdem
780 2499 929 2560 effossum
954 2513 984 2561 et
1004 2499 1079 2561 inde
1110 2499 1255 2582 pervenit
1286 2499 1326 2559 ad
1358 2498 1445 2560 aliud
1470 2497 1623 2560 fossatum
1650 2500 1682 2560 in

424 2605 605 2688 supradicta
629 2618 710 2667 terra
729 2606 841 2667 arabili
859 2606 996 2688 desuper
1013 2604 1169 2689 prefatam
1186 2606 1312 2667 vineam
1330 2618 1362 2667 et
1378 2604 1559 2688 predictum
1576 2605 1684 2666 locum

425 2713 543 2774 stabuli
567 2733 624 2776 seu
648 2711 774 2774 kouche
798 2713 898 2794 ipsius
930 2713 1067 2774 condam
1099 2711 1254 2773 Johannis
1278 2712 1395 2773 Bolsak
1419 2713 1460 2772 ab
1484 2712 1618 2792 antiquo
1643 2710 1686 2772 ef·

424 2817 557 2897 fossum,
580 2833 612 2880 et
634 2839 691 2901 per
722 2819 755 2880 id
787 2817 941 2881 fossatum
975 2839 992 2880 a
1024 2833 1113 2902 parte
1145 2817 1350 2879 meridionali
1375 2818 1520 2900 pervenit
1544 2831 1575 2878 et
1598 2817 1685 2878 aliud

425 2924 579 2991 fossatum
604 2925 719 3008 prefati
744 2926 870 2988 Nicolai
895 2926 1035 3004 sartoris,
1056 2925 1174 2987 deinde
1191 2925 1232 2986 ad
1256 2925 1413 2987 orientem
1430 2924 1534 2985 tendit
1557 2923 1596 2984 ad
1620 2942 1686 2984 me·

424 3046 512 3094 atum
536 3052 620 3114 aque
644 3033 795 3114 pluvialis
812 3033 894 3094 inter
910 3032 1088 3115 predictam
1105 3033 1233 3094 vineam
1258 3030 1371 3114 prefati
1396 3030 1551 3093 iohannis
1568 3030 1685 3091 Bolsak

424 3152 455 3200 et
479 3139 555 3201 dicti
580 3139 671 3200 Pauli
696 3138 886 3200 Fudrichicz
911 3139 998 3218 dicti,
1016 3139 1093 3200 item
1110 3159 1167 3221 per
1190 3139 1329 3201 eundem
1348 3151 1489 3200 meatum
1515 3157 1598 3220 aque
1615 3138 1686 3220 plu·

426 3245 517 3307 vialis
534 3244 699 3307 descendit
716 3242 797 3306 infra
807 3244 848 3306 ad
858 3245 998 3306 rivulum
1008 3257 1225 3328 prenotatam,
1235 3245 1345 3327 ibique
1362 3257 1447 3306 mete
1463 3245 1686 3307 terminantur.
