3804 5798
824 511 1007 572 Inventarr'a.

382 723 463 786 ltem
488 722 550 784 due
575 722 682 784 stricte
703 722 774 784 albe
799 723 838 783 de
864 723 1020 784 kamwlra.

384 829 463 892 ltem
488 827 627 911 quedam
654 828 815 910 quantitas
838 828 961 909 argenti
986 828 1025 889 ad
1048 828 1183 890 modurn
1205 829 1357 891 craticule
1382 830 1422 891 ad
1439 849 1538 891 unum

279 935 420 998 mensale
445 935 600 997 involuta.

384 1041 462 1102 ltem
487 1040 623 1123 desuper
647 1039 815 1122 posuimus
839 1059 936 1101 unam
961 1039 1140 1123 thapeciam
1165 1040 1344 1104 meliorem.

902 1158 915 1188 t

852 1199 865 1228 U
952 1199 965 1229 1

387 1272 466 1336 Item
490 1273 530 1334 ad
555 1273 711 1337 maiorem
736 1275 846 1338 cistam
872 1275 996 1336 albam:
1024 1271 1050 1334 J.
1075 1271 1212 1354 desuper
1243 1271 1412 1352 signatam,
1438 1273 1540 1355 impo-

278 1382 403 1442 suimus
427 1381 495 1464 jura
520 1381 654 1444 ecclesie
679 1383 710 1443 in
734 1383 812 1444 tecis
836 1381 970 1443 diversis
997 1378 1177 1460 composita
1202 1391 1233 1440 et
1256 1378 1356 1440 literis
1379 1378 1540 1461 alphabeti

279 1488 411 1569 signata.

384 1594 461 1657 ltem
488 1594 591 1678 prima
615 1595 706 1657 theca
739 1614 796 1656 seu
828 1593 948 1656 scatula
977 1611 1051 1654 cum
1083 1591 1207 1672 juribus
1237 1591 1344 1673 plena,
1369 1590 1476 1654 litera:
1502 1595 1540 1654 A.

278 1701 413 1780 signata.

385 1805 463 1868 ltem
487 1806 627 1868 secunda
650 1805 771 1869 scatula
794 1824 851 1889 per
875 1805 1019 1868 literam:
1045 1805 1080 1869 B.

383 1911 461 1974 ltem
484 1913 583 1975 tercia
607 1912 727 1975 scatula
751 1931 828 1994 per:
855 1912 892 1974 C.

383 2019 459 2083 Item
487 2035 598 2103 quarta
623 2040 696 2102 per:
721 2019 759 2081 D.
787 2019 889 2101 Supra
914 2019 970 2080 has
993 2020 1131 2081 scutulas
1158 2019 1326 2101 posuimus
1350 2037 1446 2079 unam
1472 2037 1541 2079 cor-

279 2126 378 2188 tinam
404 2127 578 2209 oblongam
604 2147 663 2209 pro
686 2126 830 2187 custodia
855 2125 1047 2206 sigillorum.

384 2231 462 2293 ltem
487 2232 518 2292 in
543 2233 687 2294 secundo
723 2230 855 2292 ordine:
890 2232 1002 2312 quinta
1027 2231 1148 2293 scatula
1180 2230 1219 2292 de
1251 2231 1361 2292 litera:
1386 2230 1431 2306 E;
1455 2245 1540 2292 sexta

278 2335 318 2398 de
342 2336 450 2399 litera:
476 2337 500 2399 F
511 2359 519 2415 ;
544 2341 679 2420 septima
704 2337 744 2398 de
761 2336 871 2400 litera:
897 2336 943 2413 G;
968 2352 1080 2399 octava
1104 2337 1144 2399 de
1161 2336 1269 2398 litera:
1296 2335 1345 2412 H;
1369 2349 1482 2398 octava
1500 2336 1540 2397 de

277 2444 385 2506 litera:
411 2443 441 2519 l;
466 2463 550 2506 nona
576 2444 615 2506 de
640 2444 753 2505 litera:
780 2443 827 2520 K;
852 2442 978 2504 decima
1002 2443 1041 2504 de
1059 2443 1169 2505 litera:
1194 2442 1238 2519 L;
1264 2441 1473 2504 duodecima:
1492 2441 1540 2518 0;

278 2567 340 2629 que
364 2549 484 2611 scatule
508 2563 582 2612 sunt
605 2549 701 2632 plene
726 2548 764 2608 de
789 2547 914 2629 juribus
938 2549 1081 2614 ecclesie.

384 2655 461 2717 lrem
487 2656 527 2717 ad
551 2654 790 2718 fortificandum
816 2656 946 2717 easdem
978 2655 1114 2718 statulae
1145 2657 1314 2737 posuimus
1338 2657 1377 2718 ad
1403 2657 1539 2719 eandem

279 2759 388 2821 cistam
414 2761 493 2823 duas
516 2763 656 2824 cortinas
679 2762 718 2823 ad
736 2762 846 2824 stallos
865 2763 1060 2844 pertinentes
1083 2775 1114 2823 et
1131 2781 1231 2824 unum
1256 2763 1409 2842 mensale,
1426 2764 1539 2827 iterum

280 2883 378 2926 unum
403 2866 539 2948 longum
565 2867 708 2928 mensale
732 2881 833 2930 vetus.

383 2971 461 3034 ltem
486 2972 623 3056 desuper
646 2973 814 3055 posuimus
838 2973 1021 3055 Registrum
1047 2972 1236 3035 eorumdem
1261 2972 1390 3054 jurium.

902 3095 915 3123 ὴ

852 3135 866 3163 t
952 3136 966 3166 Ψ

385 3202 463 3264 ltem
486 3203 525 3264 ad
551 3204 663 3266 cistam
688 3215 809 3266 sextam
833 3203 940 3266 albam
965 3205 1133 3286 posuimus
1157 3223 1206 3265 res
1231 3202 1464 3287 infrascriptas:

386 3309 464 3372 ltem
489 3309 637 3392 inprimis
661 3311 693 3371 in
718 3309 819 3372 londo
844 3310 987 3372 eiusdem
1022 3311 1098 3372 ciste
1120 3311 1287 3392 posuimus
1311 3330 1407 3374 unam
1431 3311 1540 3393 thape-

282 3415 365 3476 ciam
391 3415 570 3497 simplicem
596 3428 627 3476 et
644 3414 781 3498 desuper
798 3435 893 3478 unam
912 3415 1091 3478 corthinam
1108 3415 1251 3498 pulcram
1277 3431 1308 3478 et
1332 3436 1448 3478 novam
1467 3436 1540 3478 cum

282 3521 477 3602 imaginibus
501 3521 533 3582 in
550 3541 613 3603 qua
631 3521 816 3602 designatur
832 3520 1107 3605 exemplificative,
1125 3542 1215 3584 more
1233 3523 1398 3584 musaico:
1423 3523 1539 3584 Fames

283 3640 313 3688 et
338 3627 581 3688 Habundancia.
1572 3623 1574 3629 ⁴

385 3733 462 3795 ltem
487 3753 588 3795 unum
613 3735 741 3796 Missale
766 3735 797 3796 in
822 3735 980 3796 asseribus
1008 3754 1072 3796 nou
1090 3734 1225 3815 ligatum
1250 3747 1280 3796 et
1304 3754 1369 3796 non
1395 3735 1538 3817 comple·

275 3855 344 3902 tum
360 3861 415 3922 per
432 3840 570 3902 condam
589 3841 759 3904 dominum
777 3839 955 3922 Georgium
978 3840 1214 3923 suffraganeum
1230 3841 1362 3902 ecclesie
1389 3842 1541 3923 legatum.

384 3946 461 4008 ltem
487 3967 551 4008 una
576 3967 676 4030 cappa
701 3948 741 4010 de
765 3948 879 4010 attlacz
903 3948 1027 4029 optimo
1053 3947 1145 4009 flavei
1170 3947 1298 4010 coloris.

386 4053 463 4115 ltem
488 4055 628 4116 secunda
652 4075 753 4137 cappa
778 4055 817 4116 de
843 4073 984 4137 purpura
1016 4073 1100 4116 nova
1124 4053 1269 4115 eiusdem
1295 4053 1387 4115 flavei
1413 4055 1540 4118 coloris.

385 4159 462 4220 ltem
486 4160 583 4221 tercia
608 4179 708 4242 cappa
734 4163 832 4222 rubea
856 4173 1019 4240 veterana,
1043 4161 1083 4222 de
1101 4180 1252 4243 purpura,
1277 4181 1349 4222 cum
1368 4159 1475 4221 fibulis
1491 4181 1540 4223 ar-

277 4265 411 4346 genteis,
436 4265 598 4347 lapidibus
623 4267 774 4347 preciosis
798 4279 921 4329 ornata.

385 4372 463 4434 ltem
488 4373 553 4433 duo
579 4373 720 4434 Missalia
745 4393 827 4434 nova
853 4388 884 4434 et
907 4373 1039 4456 optima.

385 4479 462 4540 ltem
488 4479 553 4541 duo
579 4481 680 4542 cusini
706 4481 745 4542 de
765 4501 835 4543 raso
853 4481 958 4559 viridi,
976 4481 1090 4562 optimi
1115 4495 1146 4542 et
1163 4481 1249 4558 novi,
1275 4499 1357 4542 unus
1380 4482 1542 4566 oblongus

280 4585 360 4648 alter
384 4586 499 4648 brevis.

385 4692 464 4753 lrem
488 4693 605 4754 tercius
630 4693 759 4754 cusinus
782 4691 929 4754 similiter
957 4693 1128 4774 oblongus,
1153 4695 1296 4776 optimus
1321 4709 1351 4758 et
1376 4714 1478 4757 novus
1501 4696 1541 4756 de

280 4817 350 4859 raso
376 4801 486 4876 rubeo,
511 4812 542 4860 et
565 4812 698 4879 quartus
717 4799 845 4860 cusinus
862 4797 966 4858 brevis
984 4798 1023 4859 de
1041 4818 1180 4881 purpura
1202 4820 1299 4862 aurea
1317 4815 1347 4862 et
1364 4799 1540 4864 florizatha.

388 4905 465 4966 ltem
491 4905 628 4987 desuper
652 4907 819 4987 posuimus
844 4923 940 4965 unam
972 4904 1150 4987 thapeciam
1185 4925 1334 4989 magnam
1360 4919 1390 4970 et
1414 4926 1542 4973 novam.

806 5045 1016 5061 -—-·—·—·-—-
