3810 5806
984 547 1070 604 Anno
1093 557 1185 623 1504.

559 760 657 834 Quod
681 761 757 842 quia
781 779 839 821 nos
871 759 1085 820 communitas
1119 755 1408 836 Montisgrecensis,
1444 755 1562 816 nobilis
1587 752 1712 836 Gywan

453 867 665 929 tricesimator
689 865 905 948 zagrabiensis
921 878 952 925 et
976 863 1117 926 concivis
1133 876 1242 924 noster
1266 863 1298 922 in
1316 880 1373 922 sua
1389 880 1425 922 ac
1450 861 1568 922 nobilis
1592 859 1717 922 Alberti

454 973 571 1034 literati
594 973 740 1055 personis
764 991 871 1034 coram
897 971 990 1033 nobis
1014 967 1204 1031 constitutus
1232 982 1263 1029 et
1286 980 1400 1050 sponte
1426 965 1590 1029 confessus
1615 982 1661 1028 est
1685 967 1715 1028 in

455 1081 541 1141 hunc
564 1079 716 1141 modum:
742 1078 880 1160 qualiter
905 1078 971 1159 ipse
997 1077 1160 1159 quandam
1192 1075 1327 1136 domum
1359 1074 1522 1135 ruinosam
1548 1089 1717 1154 muratam,

454 1186 550 1248 simul
574 1205 647 1247 curn
673 1184 774 1246 fundo
799 1197 831 1248 et
855 1183 983 1262 celario,
1008 1184 1041 1244 in
1072 1183 1155 1244 dicta
1179 1182 1318 1260 civitate,
1349 1199 1447 1262 quam
1480 1181 1546 1262 ipse
1580 1181 1718 1262 propriis

455 1293 601 1376 expensis
626 1307 656 1354 et
680 1291 861 1374 sumptibus
885 1291 924 1352 de
942 1309 1027 1351 novo
1053 1288 1239 1350 reformavit
1256 1302 1286 1349 et
1302 1287 1403 1350 erexit
1427 1287 1509 1348 inter
1532 1287 1667 1348 domum
1687 1303 1717 1349 et

458 1399 613 1460 heredum
637 1418 694 1460 seu
717 1416 937 1459 successorum
968 1395 1105 1458 condam
1139 1393 1342 1456 Soldinaricb
1374 1392 1561 1474 nuncupati,
1584 1392 1719 1452 senioris

455 1505 571 1587 judicis
587 1518 618 1566 et
634 1505 776 1566 concivis
794 1504 904 1582 nostri,
929 1505 969 1564 ab
993 1501 1141 1564 orientali
1167 1515 1197 1562 et
1215 1521 1231 1560 a
1249 1499 1453 1560 meridionali
1479 1511 1510 1560 et
1526 1497 1718 1560 occidentali

456 1612 570 1693 plagis,
586 1611 690 1694 platee
708 1629 907 1688 communes,
924 1610 1028 1687 sitam,
1049 1608 1190 1669 habitam
1209 1621 1238 1667 et
1255 1606 1455 1683 existentem,
1475 1605 1578 1687 ipsum
1596 1604 1717 1666 scilicet

457 1718 602 1780 nobilem
627 1716 811 1800 Gywanum
835 1717 991 1777 dicturus
1014 1715 1152 1776 condam
1177 1713 1342 1774 Anthonio
1360 1726 1391 1774 et
1403 1711 1547 1794 predicto
1572 1711 1720 1790 Alberto,

457 1824 600 1902 literatis,
622 1823 717 1886 titulo
742 1823 902 1884 debitorio
927 1836 1184 1898 concernentern,
1209 1833 1304 1902 prout
1336 1818 1367 1879 id
1392 1837 1466 1880 curn
1489 1816 1660 1879 sufficienti
1690 1831 1721 1878 et

457 1930 621 2012 fidedigno
650 1930 835 1992 testimonio
868 1949 974 1990 coram
1012 1929 1105 1990 nobis
1144 1927 1227 1988 clare
1260 1925 1493 2007 comprobavit,
1524 1924 1621 1986 simul
1646 1943 1718 1985 curn

458 2039 610 2099 omnibus
634 2036 777 2098 eiusdem
803 2036 921 2097 domus
952 2050 1087 2114 murate,
1118 2033 1209 2094 fundi
1235 2047 1265 2094 et
1297 2031 1405 2094 celarii
1437 2051 1473 2092 ac
1496 2029 1721 2092 hedificiorum

461 2143 652 2204 utilitatibus
677 2156 708 2204 et
724 2143 930 2224 pertinenciis
949 2141 1116 2216 universis,
1139 2140 1269 2220 egregio
1286 2139 1421 2200 domino
1438 2137 1576 2199 lohanni
1601 2138 1722 2198 Jacobo

460 2249 500 2310 de
523 2248 681 2328 Angellis,
706 2249 828 2309 arcium
853 2262 884 2309 et
908 2247 1067 2309 medicine
1092 2246 1228 2322 doctori,
1253 2244 1457 2306 illustrissimi
1484 2243 1608 2305 domini
1633 2243 1723 2304 ducis

461 2354 598 2417 Coruini
624 2369 682 2416 etc.
707 2355 836 2432 medici,
861 2374 897 2415 ac
921 2353 1042 2415 nobilis
1063 2353 1195 2414 domine
1213 2351 1349 2436 Mylicza
1374 2349 1553 2411 conthorali
1578 2349 1722 2410 eiusdem

460 2482 519 2544 pro
544 2475 672 2522 centum
698 2475 728 2522 et
752 2461 987 2542 quinquaginta
1002 2459 1070 2522 flor.
1089 2459 1168 2537 auri,
1193 2460 1233 2519 ab
1250 2457 1370 2518 eisdem
1395 2456 1493 2540 prius,
1519 2470 1613 2538 prout
1630 2457 1724 2518 nobis

461 2570 595 2650 ipsemet
619 2567 738 2644 retulit,
764 2568 857 2648 plene
882 2567 994 2628 levatis
1027 2581 1057 2627 et
1089 2566 1224 2646 receptis
1248 2563 1455 2642 vendidisset,
1487 2563 1669 2624 tradidisset
1693 2577 1724 2624 et

461 2675 672 2756 inscripsisset
696 2693 803 2736 corant
829 2674 933 2751 nobis,
958 2693 1014 2754 per
1039 2671 1168 2733 eosdem
1202 2671 1345 2752 ipsorum
1370 2669 1543 2730 heredibus
1567 2669 1725 2730 universis

462 2781 530 2862 jure
555 2796 712 2863 perpetuo
729 2780 956 2862 possidendam
982 2800 1017 2841 ac
1034 2779 1121 2858 juxta
1138 2777 1364 2839 condicionem
1382 2775 1518 2838 civitatis
1542 2775 1725 2857 quomodo·

462 2907 600 2969 cumque
615 2888 775 2948 voluerint
792 2886 1026 2968 disponendam
1038 2907 1046 2962 ;
1060 2885 1230 2966 assumpsit
1248 2883 1478 2944 nichilominus
1494 2883 1581 2944 idem
1600 2881 1725 2965 Gywan

463 2994 662 3075 infrascripta
686 2992 819 3056 firmiter
843 2993 1042 3054 observanda
1060 2993 1137 3054 etin
1160 2993 1316 3073 seipsum
1341 3009 1518 3068 assumens,
1543 2989 1598 3050 tali
1618 2989 1727 3066 modo,

463 3102 552 3182 quod
576 3101 601 3161 si
626 3101 692 3182 ipse
718 3116 913 3162 memoratos
930 3100 1100 3160 dominum
1122 3099 1289 3160 doctorem
1307 3112 1337 3159 et
1361 3097 1528 3158 dominam
1555 3097 1725 3179 Myliczam

463 3226 499 3268 ac
523 3206 656 3268 heredes
680 3227 715 3267 ac
740 3207 942 3288 posteritates
966 3207 1109 3288 ipsorum
1145 3206 1322 3282 universos,
1346 3203 1385 3264 ad
1411 3203 1497 3285 ipsos
1521 3203 1727 3284 pertinentes,

463 3315 494 3374 in
521 3312 653 3395 pacifico
679 3313 825 3373 dominio
850 3313 989 3394 ipsarum
1015 3313 1187 3373 domorum
1221 3331 1285 3372 non
1310 3311 1411 3392 possit
1435 3323 1578 3370 autnon
1603 3321 1727 3371 curaret

464 3421 557 3499 tueri,
581 3432 749 3501 protegere
774 3435 804 3481 et
828 3418 1005 3496 defensare,
1020 3434 1135 3479 extunc
1153 3418 1238 3479 idern
1262 3417 1384 3501 Gywan
1410 3437 1447 3478 ac
1472 3415 1604 3478 heredes
1628 3415 1677 3476 sui
1696 3417 1727 3476 in

464 3527 719 3608 possessionibus
744 3541 774 3587 et
798 3527 830 3586 in
856 3528 949 3587 rebus
974 3547 1009 3586 ac
1034 3525 1177 3607 pecuniis
1207 3527 1349 3606 ipsorum
1374 3525 1405 3584 in
1432 3524 1621 3604 quantitate,
1646 3521 1728 3583 fruc-

463 3634 612 3694 tuositate
638 3648 668 3695 et
700 3634 808 3694 valore
840 3647 1053 3715 pretactarum
1088 3632 1260 3694 domorum
1285 3630 1407 3690 eisdem
1441 3629 1576 3691 domino
1601 3629 1725 3690 doctori

465 3753 495 3801 et
511 3741 642 3801 domine
659 3741 793 3822 Mylicza
811 3759 989 3820 eorumque
1007 3738 1179 3800 heredibus
1196 3737 1357 3819 predictos
1373 3749 1501 3798 centum
1520 3749 1551 3797 et
1566 3735 1728 3817 quinqua-

463 3845 551 3927 ginta
577 3845 658 3924 flor,
683 3860 826 3927 preterea
852 3865 964 3907 omnes
988 3859 1018 3905 et
1043 3845 1188 3924 singulos
1219 3844 1355 3921 labores,
1380 3863 1463 3924 quos
1487 3841 1647 3904 antefatus
1671 3842 1727 3902 do-

466 3952 574 4012 minus
598 3952 711 4014 doctor
734 3966 797 4012 tarn
824 3953 854 4012 in
891 3951 1077 4012 mutacione
1111 3969 1207 4030 quam
1241 3950 1272 4010 in
1302 3949 1410 4030 ligneo
1443 3967 1540 4030 opere
1565 3947 1640 4009 fecit
1662 3946 1730 4009 fieri

466 4071 496 4120 et
520 4058 661 4118 ordinari
687 4059 719 4118 in
743 4057 862 4139 prelata
889 4058 999 4135 domo,
1024 4076 1105 4138 quos
1128 4055 1288 4137 sepefatus
1312 4054 1438 4140 Gywan
1463 4075 1565 4136 usque
1590 4055 1629 4115 ad
1655 4074 1727 4136 per·

465 4163 641 4226 leccionenr
659 4165 742 4225 dicte
759 4165 875 4227 domus
899 4184 964 4225 non
982 4176 1292 4244 consummaverat,
1312 4162 1398 4239 dare,
1416 4161 1540 4223 solvere
1566 4180 1628 4222 una
1655 4180 1727 4222 cum

409 4307 412 4313 ,
465 4271 637 4333 heredibus
661 4272 726 4332 suis
749 4271 909 4332 tenebitur
934 4285 964 4331 et
989 4271 1048 4332 erit
1082 4270 1243 4350 obligatus
1274 4269 1476 4350 presencium
1500 4288 1557 4349 per
1580 4268 1725 4348 vigorem

465 4377 694 4438 mediancium.
720 4377 857 4437 Densum
884 4395 959 4438 vero
987 4376 1048 4436 hiis
1080 4376 1196 4438 habitis
1221 4375 1353 4436 honesta
1386 4375 1518 4436 domina
1543 4380 1637 4440 Anna
1662 4372 1729 4434 filia

466 4483 602 4546 condam
628 4483 747 4544 nobilis
771 4483 896 4544 Nicolai
923 4481 1087 4560 Horwath,
1120 4482 1199 4543 olim
1234 4481 1375 4542 concivis
1406 4481 1517 4560 nostri,
1542 4500 1628 4543 nunc
1653 4499 1729 4541 vero

399 4667 401 4672 ἲ
465 4610 596 4653 consors
620 4589 777 4670 legittima
801 4589 911 4650 Jacobi
938 4589 1049 4649 decani
1075 4603 1106 4648 et
1135 4588 1275 4649 concivis
1307 4589 1419 4666 nostri,
1451 4587 1598 4648 similiter
1620 4606 1729 4648 coram

465 4697 559 4759 nobis
583 4696 615 4758 in
640 4716 695 4756 sua
721 4716 757 4756 ac
785 4695 939 4776 Stephani
966 4694 1069 4756 fratris
1092 4696 1140 4756 sui
1172 4695 1288 4756 uterini
1321 4695 1467 4776 personis
1490 4707 1607 4771 astans,
1631 4712 1730 4754 omne

467 4823 549 4864 onus
573 4817 603 4866 et
628 4823 801 4884 gravamen
827 4803 858 4862 in
883 4823 915 4862 se
941 4801 1084 4863 eiusdem
1118 4821 1351 4882 assumpmens,
1376 4799 1513 4882 qualiter
1537 4800 1603 4882 ipsa
1628 4819 1730 4861 unum

465 4907 600 4970 fundum
619 4910 790 4988 desertum,
814 4929 910 4970 unatn
936 4910 1055 4970 curiam
1082 4909 1112 4968 in
1131 4928 1162 4969 se
1188 4909 1418 4985 continentem,
1432 4926 1530 4988 penes
1547 4907 1680 4968 domum
1701 4921 1733 4969 et

468 5015 623 5076 heredum
650 5015 763 5098 prelati
790 5015 944 5078 Johannis
963 5015 1177 5093 Soldinarich,
1202 5017 1241 5075 ab
1258 5014 1406 5076 orientali
1428 5028 1458 5075 et
1474 5014 1730 5096 septemtrionali
