<?xml version="1.0" encoding="UTF-8"?>
<!DOCTYPE html PUBLIC "-//W3C//DTD XHTML 1.0 Transitional//EN"
    "http://www.w3.org/TR/xhtml1/DTD/xhtml1-transitional.dtd">
<html xmlns="http://www.w3.org/1999/xhtml" xml:lang="en" lang="en">
 <head>
  <title>
</title>
<meta http-equiv="Content-Type" content="text/html;charset=utf-8" />
  <meta name='ocr-system' content='tesseract 3.04.00' />
  <meta name='ocr-capabilities' content='ocr_page ocr_carea ocr_par ocr_line ocrx_word'/>
</head>
<body>
  <div class='ocr_page' id='page_1' title='image "./monumentahistor19laszgoog_0123.png"; bbox 0 0 3810 5806; ppageno 0'>
   <div class='ocr_carea' id='block_1_1' title="bbox 535 1589 1297 1697">
    <p class='ocr_par' dir='ltr' id='par_1_1' title="bbox 535 1589 1297 1697">
     <span class='ocr_line' id='line_1_1' title="bbox 535 1589 1297 1697; baseline 0 -14"><span class='ocrx_word' id='word_1_1' title='bbox 535 1590 662 1684; x_wconf 80' lang='lat' dir='ltr'><strong>(Anno</strong></span> <span class='ocrx_word' id='word_1_2' title='bbox 698 1589 856 1680; x_wconf 87' lang='lat' dir='ltr'><strong>Domini</strong></span> <span class='ocrx_word' id='word_1_3' title='bbox 894 1590 1297 1697; x_wconf 79' lang='lat' dir='ltr'><strong>uccootttttxtuv).</strong></span> 
     </span>
    </p>
   </div>
   <div class='ocr_carea' id='block_1_2' title="bbox 270 1981 1534 2581">
    <p class='ocr_par' dir='ltr' id='par_1_2' title="bbox 272 1981 1534 2088">
     <span class='ocr_line' id='line_1_2' title="bbox 272 1981 1534 2088; baseline 0.007 -32"><span class='ocrx_word' id='word_1_4' title='bbox 272 1981 309 2056; x_wconf 95' lang='lat' dir='ltr'><strong>ln</strong></span> <span class='ocrx_word' id='word_1_5' title='bbox 348 2006 441 2058; x_wconf 90' lang='lat' dir='ltr'><strong>anno</strong></span> <span class='ocrx_word' id='word_1_6' title='bbox 480 1983 623 2060; x_wconf 88' lang='lat' dir='ltr'>Domini</span> <span class='ocrx_word' id='word_1_7' title='bbox 659 1984 849 2060; x_wconf 90' lang='lat' dir='ltr'><strong>millesimo</strong></span> <span class='ocrx_word' id='word_1_8' title='bbox 892 1985 1247 2086; x_wconf 86' lang='lat' dir='ltr'><strong>quadringentesimo</strong></span> <span class='ocrx_word' id='word_1_9' title='bbox 1294 1991 1534 2088; x_wconf 85' lang='lat' dir='ltr'><strong>nonagesimo</strong></span> 
     </span>
    </p>

    <p class='ocr_par' dir='ltr' id='par_1_3' title="bbox 271 2108 1533 2209">
     <span class='ocr_line' id='line_1_3' title="bbox 271 2108 1533 2209; baseline 0.007 -29"><span class='ocrx_word' id='word_1_10' title='bbox 271 2117 412 2206; x_wconf 77' lang='lat' dir='ltr'><strong>quarm,</strong></span> <span class='ocrx_word' id='word_1_11' title='bbox 450 2115 616 2208; x_wconf 83' lang='lat' dir='ltr'><strong>tempore</strong></span> <span class='ocrx_word' id='word_1_12' title='bbox 643 2108 813 2184; x_wconf 90' lang='lat' dir='ltr'><strong>videlicer</strong></span> <span class='ocrx_word' id='word_1_13' title='bbox 836 2109 1016 2207; x_wconf 84' lang='lat' dir='ltr'><strong>judicatus</strong></span> <span class='ocrx_word' id='word_1_14' title='bbox 1046 2111 1185 2209; x_wconf 88' lang='lat' dir='ltr'>providi</span> <span class='ocrx_word' id='word_1_15' title='bbox 1223 2119 1261 2187; x_wconf 89' lang='lat' dir='ltr'><strong>et</strong></span> <span class='ocrx_word' id='word_1_16' title='bbox 1297 2111 1440 2188; x_wconf 86' lang='lat' dir='ltr'><strong>honesti</strong></span> <span class='ocrx_word' id='word_1_17' title='bbox 1469 2115 1533 2190; x_wconf 92' lang='lat' dir='ltr'><strong>viri</strong></span> 
     </span>
    </p>

    <p class='ocr_par' dir='ltr' id='par_1_4' title="bbox 270 2229 1531 2333">
     <span class='ocr_line' id='line_1_4' title="bbox 270 2229 1531 2333; baseline 0.006 -29"><span class='ocrx_word' id='word_1_18' title='bbox 270 2229 417 2307; x_wconf 83' lang='lat' dir='ltr'><strong>Fabiani</strong></span> <span class='ocrx_word' id='word_1_19' title='bbox 437 2231 496 2307; x_wconf 86' lang='lat' dir='ltr'><strong>lilii</strong></span> <span class='ocrx_word' id='word_1_20' title='bbox 525 2230 678 2321; x_wconf 85' lang='lat' dir='ltr'><strong>Martini,</strong></span> <span class='ocrx_word' id='word_1_21' title='bbox 708 2233 868 2308; x_wconf 91' lang='lat' dir='ltr'><strong>moderni</strong></span> <span class='ocrx_word' id='word_1_22' title='bbox 892 2233 1033 2330; x_wconf 86' lang='lat' dir='ltr'><strong>judicis,</strong></span> <span class='ocrx_word' id='word_1_23' title='bbox 1062 2257 1212 2333; x_wconf 88' lang='lat' dir='ltr'>presens</span> <span class='ocrx_word' id='word_1_24' title='bbox 1234 2235 1443 2312; x_wconf 88' lang='lat' dir='ltr'><strong>kathernum</strong></span> <span class='ocrx_word' id='word_1_25' title='bbox 1472 2245 1531 2313; x_wconf 90' lang='lat' dir='ltr'><strong>est</strong></span> 
     </span>
    </p>

    <p class='ocr_par' dir='ltr' id='par_1_5' title="bbox 270 2353 1533 2581">
     <span class='ocr_line' id='line_1_5' title="bbox 270 2353 1533 2457; baseline 0.004 -27"><span class='ocrx_word' id='word_1_26' title='bbox 270 2353 405 2431; x_wconf 88' lang='lat' dir='ltr'><strong>factum</strong></span> <span class='ocrx_word' id='word_1_27' title='bbox 443 2364 482 2432; x_wconf 89' lang='lat' dir='ltr'><strong>et</strong></span> <span class='ocrx_word' id='word_1_28' title='bbox 518 2357 760 2456; x_wconf 87' lang='lat' dir='ltr'><strong>conscriptum</strong></span> <span class='ocrx_word' id='word_1_29' title='bbox 803 2357 894 2433; x_wconf 85' lang='lat' dir='ltr'><strong>feria</strong></span> <span class='ocrx_word' id='word_1_30' title='bbox 931 2365 1037 2433; x_wconf 83' lang='lat' dir='ltr'><strong>sexta</strong></span> <span class='ocrx_word' id='word_1_31' title='bbox 1074 2359 1237 2457; x_wconf 84' lang='lat' dir='ltr'><strong>proxima</strong></span> <span class='ocrx_word' id='word_1_32' title='bbox 1274 2367 1359 2435; x_wconf 82' lang='lat' dir='ltr'><strong>ante</strong></span> <span class='ocrx_word' id='word_1_33' title='bbox 1401 2359 1533 2436; x_wconf 85' lang='lat' dir='ltr'><strong>festum</strong></span> 
     </span>
     <span class='ocr_line' id='line_1_6' title="bbox 658 2480 1161 2581; baseline 0 -26"><span class='ocrx_word' id='word_1_34' title='bbox 658 2480 755 2556; x_wconf 84' lang='lat' dir='ltr'><strong>beati</strong></span> <span class='ocrx_word' id='word_1_35' title='bbox 780 2481 951 2581; x_wconf 85' lang='lat' dir='ltr'><strong>Johannis</strong></span> <span class='ocrx_word' id='word_1_36' title='bbox 983 2481 1161 2581; x_wconf 85' lang='lat' dir='ltr'><strong>Baptiste.</strong></span> 
     </span>
    </p>
   </div>
   <div class='ocr_carea' id='block_1_3' title="bbox 799 2767 986 2842">
    <p class='ocr_par' dir='ltr' id='par_1_6' title="bbox 799 2767 986 2842">
     <span class='ocr_line' id='line_1_7' title="bbox 799 2767 986 2842; baseline 0.021 -18"><span class='ocrx_word' id='word_1_37' title='bbox 799 2767 865 2842; x_wconf 83' lang='lat'><em>(20.</em></span> <span class='ocrx_word' id='word_1_38' title='bbox 881 2767 986 2842; x_wconf 74' lang='lat' dir='ltr'><strong>sicarii).</strong></span> 
     </span>
    </p>
   </div>
   <div class='ocr_carea' id='block_1_4' title="bbox 270 2938 1533 4721">
    <p class='ocr_par' dir='ltr' id='par_1_7' title="bbox 270 2938 1533 4721">
     <span class='ocr_line' id='line_1_8' title="bbox 377 2938 1531 3020; baseline 0.002 -20"><span class='ocrx_word' id='word_1_39' title='bbox 377 2939 473 3014; x_wconf 93' lang='lat' dir='ltr'><strong>Quod</strong></span> <span class='ocrx_word' id='word_1_40' title='bbox 499 2939 573 3020; x_wconf 90' lang='lat' dir='ltr'><strong>quia</strong></span> <span class='ocrx_word' id='word_1_41' title='bbox 599 2939 747 3020; x_wconf 81' lang='lat' dir='ltr'><strong>egregius</strong></span> <span class='ocrx_word' id='word_1_42' title='bbox 771 2941 820 3001; x_wconf 92' lang='lat' dir='ltr'><strong>vir</strong></span> <span class='ocrx_word' id='word_1_43' title='bbox 851 2939 1002 3001; x_wconf 87' lang='lat' dir='ltr'><strong>dominus</strong></span> <span class='ocrx_word' id='word_1_44' title='bbox 1028 2939 1171 3002; x_wconf 84' lang='lat' dir='ltr'>Andreas</span> <span class='ocrx_word' id='word_1_45' title='bbox 1203 2938 1287 3002; x_wconf 88' lang='lat' dir='ltr'><strong>filius</strong></span> <span class='ocrx_word' id='word_1_46' title='bbox 1311 2940 1448 3003; x_wconf 92' lang='lat' dir='ltr'><strong>condam</strong></span> <span class='ocrx_word' id='word_1_47' title='bbox 1474 2942 1531 3002; x_wconf 90' lang='lat' dir='ltr'><strong>Er·</strong></span> 
     </span>
     <span class='ocr_line' id='line_1_9' title="bbox 271 3045 1529 3128; baseline 0.001 -21"><span class='ocrx_word' id='word_1_48' title='bbox 271 3045 361 3107; x_wconf 85' lang='lat' dir='ltr'><strong>hardi</strong></span> <span class='ocrx_word' id='word_1_49' title='bbox 388 3046 615 3108; x_wconf 88' lang='lat' dir='ltr'><strong>Holembarter</strong></span> <span class='ocrx_word' id='word_1_50' title='bbox 639 3046 727 3126; x_wconf 90' lang='lat' dir='ltr'><strong>dicti,</strong></span> <span class='ocrx_word' id='word_1_51' title='bbox 752 3047 937 3128; x_wconf 80' lang='lat' dir='ltr'><strong>capitaneus</strong></span> <span class='ocrx_word' id='word_1_52' title='bbox 961 3061 992 3107; x_wconf 91' lang='lat' dir='ltr'><strong>et</strong></span> <span class='ocrx_word' id='word_1_53' title='bbox 1013 3047 1204 3108; x_wconf 87' lang='lat' dir='ltr'><strong>castellanus</strong></span> <span class='ocrx_word' id='word_1_54' title='bbox 1229 3047 1365 3108; x_wconf 90' lang='lat' dir='ltr'><strong>civitatis</strong></span> <span class='ocrx_word' id='word_1_55' title='bbox 1389 3061 1420 3109; x_wconf 88' lang='lat' dir='ltr'><strong>et</strong></span> <span class='ocrx_word' id='word_1_56' title='bbox 1436 3047 1529 3108; x_wconf 87' lang='lat' dir='ltr'><strong>castri</strong></span> 
     </span>
     <span class='ocr_line' id='line_1_10' title="bbox 271 3151 1532 3235; baseline 0 -21"><span class='ocrx_word' id='word_1_57' title='bbox 271 3152 435 3230; x_wconf 88' lang='lat' dir='ltr'><strong>Ciliensis,</strong></span> <span class='ocrx_word' id='word_1_58' title='bbox 459 3152 601 3214; x_wconf 83' lang='lat' dir='ltr'><strong>concivis</strong></span> <span class='ocrx_word' id='word_1_59' title='bbox 619 3167 736 3231; x_wconf 89' lang='lat' dir='ltr'><strong>noster,</strong></span> <span class='ocrx_word' id='word_1_60' title='bbox 754 3152 884 3233; x_wconf 79' lang='lat' dir='ltr'><strong>egregio</strong></span> <span class='ocrx_word' id='word_1_61' title='bbox 904 3151 1038 3213; x_wconf 91' lang='lat' dir='ltr'><strong>domino</strong></span> <span class='ocrx_word' id='word_1_62' title='bbox 1056 3153 1150 3213; x_wconf 88' lang='lat' dir='ltr'><strong>Petro</strong></span> <span class='ocrx_word' id='word_1_63' title='bbox 1169 3153 1317 3235; x_wconf 86' lang='lat' dir='ltr'><strong>Boczkay</strong></span> <span class='ocrx_word' id='word_1_64' title='bbox 1335 3151 1373 3214; x_wconf 94' lang='lat' dir='ltr'><strong>de</strong></span> <span class='ocrx_word' id='word_1_65' title='bbox 1399 3153 1532 3232; x_wconf 90' lang='lat' dir='ltr'><strong>Razina,</strong></span> 
     </span>
     <span class='ocr_line' id='line_1_11' title="bbox 272 3257 1531 3338; baseline -0.001 -19"><span class='ocrx_word' id='word_1_66' title='bbox 272 3271 305 3319; x_wconf 94' lang='lat' dir='ltr'><strong>ut</strong></span> <span class='ocrx_word' id='word_1_67' title='bbox 328 3257 391 3338; x_wconf 86' lang='lat' dir='ltr'><strong>jam</strong></span> <span class='ocrx_word' id='word_1_68' title='bbox 416 3277 502 3319; x_wconf 92' lang='lat' dir='ltr'><strong>novo</strong></span> <span class='ocrx_word' id='word_1_69' title='bbox 527 3258 650 3320; x_wconf 90' lang='lat' dir='ltr'><strong>concivi</strong></span> <span class='ocrx_word' id='word_1_70' title='bbox 677 3271 797 3336; x_wconf 91' lang='lat' dir='ltr'><strong>nostro,</strong></span> <span class='ocrx_word' id='word_1_71' title='bbox 822 3277 929 3319; x_wconf 87' lang='lat' dir='ltr'><strong>coram</strong></span> <span class='ocrx_word' id='word_1_72' title='bbox 960 3272 1065 3320; x_wconf 91' lang='lat' dir='ltr'><strong>nostra</strong></span> <span class='ocrx_word' id='word_1_73' title='bbox 1098 3258 1341 3336; x_wconf 83' lang='lat' dir='ltr'><strong>communitate,</strong></span> <span class='ocrx_word' id='word_1_74' title='bbox 1366 3259 1459 3320; x_wconf 91' lang='lat' dir='ltr'><strong>certis</strong></span> <span class='ocrx_word' id='word_1_75' title='bbox 1485 3279 1531 3320; x_wconf 91' lang='lat' dir='ltr'><strong>re·</strong></span> 
     </span>
     <span class='ocr_line' id='line_1_12' title="bbox 270 3363 1530 3446; baseline 0 -21"><span class='ocrx_word' id='word_1_76' title='bbox 270 3365 430 3446; x_wconf 89' lang='lat' dir='ltr'><strong>spectibus</strong></span> <span class='ocrx_word' id='word_1_77' title='bbox 455 3377 485 3425; x_wconf 88' lang='lat' dir='ltr'><strong>et</strong></span> <span class='ocrx_word' id='word_1_78' title='bbox 509 3363 756 3446; x_wconf 88' lang='lat' dir='ltr'><strong>complacenciis</strong></span> <span class='ocrx_word' id='word_1_79' title='bbox 772 3364 906 3426; x_wconf 93' lang='lat' dir='ltr'><strong>donavit</strong></span> <span class='ocrx_word' id='word_1_80' title='bbox 923 3377 953 3425; x_wconf 93' lang='lat' dir='ltr'><strong>et</strong></span> <span class='ocrx_word' id='word_1_81' title='bbox 970 3365 1153 3446; x_wconf 85' lang='lat' dir='ltr'><strong>propinavit</strong></span> <span class='ocrx_word' id='word_1_82' title='bbox 1170 3363 1334 3446; x_wconf 89' lang='lat' dir='ltr'><strong>quoddam</strong></span> <span class='ocrx_word' id='word_1_83' title='bbox 1358 3365 1530 3446; x_wconf 85' lang='lat' dir='ltr'><strong>pallacium</strong></span> 
     </span>
     <span class='ocr_line' id='line_1_13' title="bbox 270 3469 1532 3550; baseline 0.002 -20"><span class='ocrx_word' id='word_1_84' title='bbox 270 3490 364 3531; x_wconf 88' lang='lat' dir='ltr'><strong>suum</strong></span> <span class='ocrx_word' id='word_1_85' title='bbox 389 3469 572 3548; x_wconf 84' lang='lat' dir='ltr'><strong>desertum,</strong></span> <span class='ocrx_word' id='word_1_86' title='bbox 605 3469 701 3531; x_wconf 90' lang='lat' dir='ltr'><strong>simul</strong></span> <span class='ocrx_word' id='word_1_87' title='bbox 734 3489 806 3531; x_wconf 91' lang='lat' dir='ltr'><strong>cum</strong></span> <span class='ocrx_word' id='word_1_88' title='bbox 839 3469 958 3531; x_wconf 90' lang='lat' dir='ltr'><strong>celario</strong></span> <span class='ocrx_word' id='word_1_89' title='bbox 993 3485 1130 3549; x_wconf 88' lang='lat' dir='ltr'><strong>murato,</strong></span> <span class='ocrx_word' id='word_1_90' title='bbox 1162 3471 1309 3531; x_wconf 89' lang='lat' dir='ltr'><strong>similiter</strong></span> <span class='ocrx_word' id='word_1_91' title='bbox 1333 3471 1471 3550; x_wconf 90' lang='lat' dir='ltr'><strong>deserto,</strong></span> <span class='ocrx_word' id='word_1_92' title='bbox 1496 3491 1532 3532; x_wconf 92' lang='lat' dir='ltr'><strong>ac</strong></span> 
     </span>
     <span class='ocr_line' id='line_1_14' title="bbox 271 3575 1530 3654; baseline 0 -16"><span class='ocrx_word' id='word_1_93' title='bbox 271 3577 405 3638; x_wconf 89' lang='lat' dir='ltr'><strong>cisterna</strong></span> <span class='ocrx_word' id='word_1_94' title='bbox 429 3589 460 3638; x_wconf 91' lang='lat' dir='ltr'><strong>et</strong></span> <span class='ocrx_word' id='word_1_95' title='bbox 485 3575 586 3638; x_wconf 86' lang='lat' dir='ltr'><strong>fundo</strong></span> <span class='ocrx_word' id='word_1_96' title='bbox 610 3577 643 3637; x_wconf 93' lang='lat' dir='ltr'><strong>in</strong></span> <span class='ocrx_word' id='word_1_97' title='bbox 668 3575 751 3638; x_wconf 89' lang='lat' dir='ltr'><strong>dicta</strong></span> <span class='ocrx_word' id='word_1_98' title='bbox 776 3576 914 3654; x_wconf 90' lang='lat' dir='ltr'><strong>civitate,</strong></span> <span class='ocrx_word' id='word_1_99' title='bbox 940 3576 1022 3638; x_wconf 88' lang='lat' dir='ltr'><strong>inter</strong></span> <span class='ocrx_word' id='word_1_100' title='bbox 1044 3577 1178 3638; x_wconf 91' lang='lat' dir='ltr'><strong>domum</strong></span> <span class='ocrx_word' id='word_1_101' title='bbox 1203 3576 1350 3638; x_wconf 90' lang='lat' dir='ltr'><strong>similiter</strong></span> <span class='ocrx_word' id='word_1_102' title='bbox 1374 3591 1530 3638; x_wconf 89' lang='lat' dir='ltr'><strong>muratam</strong></span> 
     </span>
     <span class='ocr_line' id='line_1_15' title="bbox 271 3680 1532 3764; baseline 0.001 -20"><span class='ocrx_word' id='word_1_103' title='bbox 271 3697 301 3744; x_wconf 90' lang='lat' dir='ltr'><strong>et</strong></span> <span class='ocrx_word' id='word_1_104' title='bbox 324 3680 460 3744; x_wconf 85' lang='lat' dir='ltr'><strong>fundum</strong></span> <span class='ocrx_word' id='word_1_105' title='bbox 486 3697 516 3745; x_wconf 89' lang='lat' dir='ltr'><strong>et</strong></span> <span class='ocrx_word' id='word_1_106' title='bbox 540 3681 687 3745; x_wconf 86' lang='lat' dir='ltr'><strong>hedificia</strong></span> <span class='ocrx_word' id='word_1_107' title='bbox 713 3681 838 3764; x_wconf 89' lang='lat' dir='ltr'><strong>providi</strong></span> <span class='ocrx_word' id='word_1_108' title='bbox 865 3697 895 3744; x_wconf 88' lang='lat' dir='ltr'><strong>et</strong></span> <span class='ocrx_word' id='word_1_109' title='bbox 919 3682 1045 3744; x_wconf 86' lang='lat' dir='ltr'><strong>honesti</strong></span> <span class='ocrx_word' id='word_1_110' title='bbox 1063 3684 1122 3744; x_wconf 91' lang='lat' dir='ltr'><strong>viri</strong></span> <span class='ocrx_word' id='word_1_111' title='bbox 1146 3683 1277 3764; x_wconf 82' lang='lat' dir='ltr'><strong>Georgii</strong></span> <span class='ocrx_word' id='word_1_112' title='bbox 1304 3684 1434 3746; x_wconf 84' lang='lat' dir='ltr'><strong>sartoris</strong></span> <span class='ocrx_word' id='word_1_113' title='bbox 1452 3685 1532 3745; x_wconf 87' lang='lat' dir='ltr'><strong>Kos·</strong></span> 
     </span>
     <span class='ocr_line' id='line_1_16' title="bbox 272 3788 1533 3872; baseline 0.001 -22"><span class='ocrx_word' id='word_1_114' title='bbox 272 3789 405 3872; x_wconf 89' lang='lat' dir='ltr'><strong>kowych</strong></span> <span class='ocrx_word' id='word_1_115' title='bbox 431 3789 519 3868; x_wconf 90' lang='lat' dir='ltr'><strong>dicti,</strong></span> <span class='ocrx_word' id='word_1_116' title='bbox 545 3789 692 3851; x_wconf 87' lang='lat' dir='ltr'><strong>moderni</strong></span> <span class='ocrx_word' id='word_1_117' title='bbox 717 3788 811 3870; x_wconf 89' lang='lat' dir='ltr'><strong>jurati</strong></span> <span class='ocrx_word' id='word_1_118' title='bbox 844 3789 1052 3871; x_wconf 90' lang='lat' dir='ltr'><strong>concivisque</strong></span> <span class='ocrx_word' id='word_1_119' title='bbox 1085 3790 1196 3867; x_wconf 81' lang='lat' dir='ltr'><strong>nostri,</strong></span> <span class='ocrx_word' id='word_1_120' title='bbox 1220 3790 1260 3850; x_wconf 89' lang='lat' dir='ltr'><strong>ab</strong></span> <span class='ocrx_word' id='word_1_121' title='bbox 1285 3809 1359 3868; x_wconf 88' lang='lat' dir='ltr'><strong>una,</strong></span> <span class='ocrx_word' id='word_1_122' title='bbox 1383 3790 1533 3851; x_wconf 91' lang='lat' dir='ltr'><strong>videlicet</strong></span> 
     </span>
     <span class='ocr_line' id='line_1_17' title="bbox 271 3893 1532 3978; baseline 0 -22"><span class='ocrx_word' id='word_1_123' title='bbox 271 3895 461 3958; x_wconf 91' lang='lat' dir='ltr'><strong>occidentali</strong></span> <span class='ocrx_word' id='word_1_124' title='bbox 486 3909 585 3978; x_wconf 87' lang='lat' dir='ltr'><strong>parte,</strong></span> <span class='ocrx_word' id='word_1_125' title='bbox 610 3909 641 3958; x_wconf 94' lang='lat' dir='ltr'><strong>et</strong></span> <span class='ocrx_word' id='word_1_126' title='bbox 666 3895 748 3957; x_wconf 90' lang='lat' dir='ltr'><strong>inter</strong></span> <span class='ocrx_word' id='word_1_127' title='bbox 772 3896 908 3956; x_wconf 89' lang='lat' dir='ltr'><strong>domum</strong></span> <span class='ocrx_word' id='word_1_128' title='bbox 938 3897 1077 3976; x_wconf 83' lang='lat' dir='ltr'><strong>ligneam</strong></span> <span class='ocrx_word' id='word_1_129' title='bbox 1104 3909 1135 3956; x_wconf 92' lang='lat' dir='ltr'><strong>et</strong></span> <span class='ocrx_word' id='word_1_130' title='bbox 1161 3894 1297 3956; x_wconf 87' lang='lat' dir='ltr'><strong>fundum</strong></span> <span class='ocrx_word' id='word_1_131' title='bbox 1323 3915 1358 3956; x_wconf 90' lang='lat' dir='ltr'><strong>ac</strong></span> <span class='ocrx_word' id='word_1_132' title='bbox 1383 3893 1532 3956; x_wconf 87' lang='lat' dir='ltr'><strong>hedificia</strong></span> 
     </span>
     <span class='ocr_line' id='line_1_18' title="bbox 271 4001 1533 4083; baseline 0 -22"><span class='ocrx_word' id='word_1_133' title='bbox 271 4001 397 4082; x_wconf 91' lang='lat' dir='ltr'><strong>providi</strong></span> <span class='ocrx_word' id='word_1_134' title='bbox 422 4001 479 4062; x_wconf 91' lang='lat' dir='ltr'><strong>viri</strong></span> <span class='ocrx_word' id='word_1_135' title='bbox 506 4001 671 4062; x_wconf 87' lang='lat' dir='ltr'><strong>Benedicti</strong></span> <span class='ocrx_word' id='word_1_136' title='bbox 692 4001 807 4062; x_wconf 83' lang='lat' dir='ltr'><strong>rasoris</strong></span> <span class='ocrx_word' id='word_1_137' title='bbox 824 4020 1017 4083; x_wconf 90' lang='lat' dir='ltr'><strong>pannorum,</strong></span> <span class='ocrx_word' id='word_1_138' title='bbox 1036 4001 1242 4081; x_wconf 88' lang='lat' dir='ltr'><strong>concivisque</strong></span> <span class='ocrx_word' id='word_1_139' title='bbox 1259 4001 1405 4062; x_wconf 89' lang='lat' dir='ltr'><strong>similiter</strong></span> <span class='ocrx_word' id='word_1_140' title='bbox 1422 4001 1533 4078; x_wconf 88' lang='lat' dir='ltr'><strong>nostri,</strong></span> 
     </span>
     <span class='ocr_line' id='line_1_19' title="bbox 271 4106 1532 4189; baseline -0.002 -21"><span class='ocrx_word' id='word_1_141' title='bbox 271 4108 309 4168; x_wconf 87' lang='lat' dir='ltr'><strong>ab</strong></span> <span class='ocrx_word' id='word_1_142' title='bbox 334 4107 443 4186; x_wconf 89' lang='lat' dir='ltr'><strong>altera,</strong></span> <span class='ocrx_word' id='word_1_143' title='bbox 466 4107 616 4168; x_wconf 89' lang='lat' dir='ltr'><strong>videlicet</strong></span> <span class='ocrx_word' id='word_1_144' title='bbox 640 4128 657 4168; x_wconf 90' lang='lat' dir='ltr'><strong>a</strong></span> <span class='ocrx_word' id='word_1_145' title='bbox 682 4107 936 4189; x_wconf 91' lang='lat' dir='ltr'><strong>septemtrionali</strong></span> <span class='ocrx_word' id='word_1_146' title='bbox 973 4121 1072 4189; x_wconf 91' lang='lat' dir='ltr'><strong>parte,</strong></span> <span class='ocrx_word' id='word_1_147' title='bbox 1097 4127 1222 4168; x_wconf 92' lang='lat' dir='ltr'><strong>necnon</strong></span> <span class='ocrx_word' id='word_1_148' title='bbox 1257 4108 1338 4167; x_wconf 91' lang='lat' dir='ltr'><strong>inter</strong></span> <span class='ocrx_word' id='word_1_149' title='bbox 1363 4106 1442 4166; x_wconf 89' lang='lat' dir='ltr'><strong>duas</strong></span> <span class='ocrx_word' id='word_1_150' title='bbox 1466 4107 1532 4168; x_wconf 87' lang='lat' dir='ltr'><strong>vias</strong></span> 
     </span>
     <span class='ocr_line' id='line_1_20' title="bbox 270 4211 1531 4294; baseline 0 -21"><span class='ocrx_word' id='word_1_151' title='bbox 270 4231 325 4274; x_wconf 89' lang='lat' dir='ltr'><strong>seu</strong></span> <span class='ocrx_word' id='word_1_152' title='bbox 348 4212 469 4294; x_wconf 84' lang='lat' dir='ltr'><strong>plateas</strong></span> <span class='ocrx_word' id='word_1_153' title='bbox 492 4233 693 4291; x_wconf 90' lang='lat' dir='ltr'><strong>communes,</strong></span> <span class='ocrx_word' id='word_1_154' title='bbox 717 4233 814 4274; x_wconf 91' lang='lat' dir='ltr'><strong>unam</strong></span> <span class='ocrx_word' id='word_1_155' title='bbox 832 4213 872 4273; x_wconf 90' lang='lat' dir='ltr'><strong>ab</strong></span> <span class='ocrx_word' id='word_1_156' title='bbox 897 4221 1021 4275; x_wconf 81' lang='lat' dir='ltr'><strong>oriente</strong></span> <span class='ocrx_word' id='word_1_157' title='bbox 1045 4227 1076 4273; x_wconf 90' lang='lat' dir='ltr'><strong>et</strong></span> <span class='ocrx_word' id='word_1_158' title='bbox 1093 4213 1188 4274; x_wconf 88' lang='lat' dir='ltr'><strong>aliam</strong></span> <span class='ocrx_word' id='word_1_159' title='bbox 1207 4233 1224 4273; x_wconf 90' lang='lat' dir='ltr'><strong>a</strong></span> <span class='ocrx_word' id='word_1_160' title='bbox 1249 4211 1429 4273; x_wconf 92' lang='lat' dir='ltr'><strong>meridione</strong></span> <span class='ocrx_word' id='word_1_161' title='bbox 1447 4212 1531 4290; x_wconf 90' lang='lat' dir='ltr'><strong>sitas,</strong></span> 
     </span>
     <span class='ocr_line' id='line_1_21' title="bbox 271 4317 1531 4401; baseline 0 -23"><span class='ocrx_word' id='word_1_162' title='bbox 271 4317 376 4380; x_wconf 86' lang='lat' dir='ltr'><strong>habite</strong></span> <span class='ocrx_word' id='word_1_163' title='bbox 401 4332 431 4380; x_wconf 89' lang='lat' dir='ltr'><strong>et</strong></span> <span class='ocrx_word' id='word_1_164' title='bbox 455 4319 629 4398; x_wconf 81' lang='lat' dir='ltr'><strong>existentis,</strong></span> <span class='ocrx_word' id='word_1_165' title='bbox 654 4339 751 4380; x_wconf 90' lang='lat' dir='ltr'><strong>unam</strong></span> <span class='ocrx_word' id='word_1_166' title='bbox 775 4319 931 4401; x_wconf 87' lang='lat' dir='ltr'><strong>integram</strong></span> <span class='ocrx_word' id='word_1_167' title='bbox 950 4320 1071 4380; x_wconf 88' lang='lat' dir='ltr'><strong>curiam</strong></span> <span class='ocrx_word' id='word_1_168' title='bbox 1098 4333 1128 4380; x_wconf 90' lang='lat' dir='ltr'><strong>et</strong></span> <span class='ocrx_word' id='word_1_169' title='bbox 1152 4338 1247 4380; x_wconf 89' lang='lat' dir='ltr'><strong>unam</strong></span> <span class='ocrx_word' id='word_1_170' title='bbox 1275 4334 1420 4380; x_wconf 89' lang='lat' dir='ltr'><strong>octavam</strong></span> <span class='ocrx_word' id='word_1_171' title='bbox 1446 4319 1531 4379; x_wconf 90' lang='lat' dir='ltr'><strong>curie</strong></span> 
     </span>
     <span class='ocr_line' id='line_1_22' title="bbox 271 4425 1531 4509; baseline -0.002 -23"><span class='ocrx_word' id='word_1_172' title='bbox 271 4425 309 4486; x_wconf 89' lang='lat' dir='ltr'><strong>ad</strong></span> <span class='ocrx_word' id='word_1_173' title='bbox 333 4445 426 4486; x_wconf 90' lang='lat' dir='ltr'><strong>usurn</strong></span> <span class='ocrx_word' id='word_1_174' title='bbox 452 4426 588 4488; x_wconf 90' lang='lat' dir='ltr'><strong>civitatis</strong></span> <span class='ocrx_word' id='word_1_175' title='bbox 618 4425 740 4509; x_wconf 81' lang='lat' dir='ltr'><strong>prefate</strong></span> <span class='ocrx_word' id='word_1_176' title='bbox 773 4427 804 4487; x_wconf 93' lang='lat' dir='ltr'><strong>in</strong></span> <span class='ocrx_word' id='word_1_177' title='bbox 837 4446 869 4486; x_wconf 91' lang='lat' dir='ltr'><strong>se</strong></span> <span class='ocrx_word' id='word_1_178' title='bbox 902 4426 1132 4503; x_wconf 89' lang='lat' dir='ltr'><strong>continentem,</strong></span> <span class='ocrx_word' id='word_1_179' title='bbox 1165 4426 1269 4506; x_wconf 88' lang='lat' dir='ltr'><strong>ipsum</strong></span> <span class='ocrx_word' id='word_1_180' title='bbox 1300 4439 1370 4506; x_wconf 91' lang='lat' dir='ltr'><strong>post</strong></span> <span class='ocrx_word' id='word_1_181' title='bbox 1396 4438 1531 4486; x_wconf 90' lang='lat' dir='ltr'><strong>mortem</strong></span> 
     </span>
     <span class='ocr_line' id='line_1_23' title="bbox 271 4530 1532 4616; baseline -0.002 -24"><span class='ocrx_word' id='word_1_182' title='bbox 271 4531 382 4614; x_wconf 85' lang='lat' dir='ltr'><strong>prelati</strong></span> <span class='ocrx_word' id='word_1_183' title='bbox 408 4533 542 4594; x_wconf 83' lang='lat' dir='ltr'><strong>Ethardi</strong></span> <span class='ocrx_word' id='word_1_184' title='bbox 568 4533 736 4616; x_wconf 87' lang='lat' dir='ltr'><strong>patrissui</strong></span> <span class='ocrx_word' id='word_1_185' title='bbox 770 4533 837 4614; x_wconf 91' lang='lat' dir='ltr'><strong>jure</strong></span> <span class='ocrx_word' id='word_1_186' title='bbox 870 4531 1063 4594; x_wconf 90' lang='lat' dir='ltr'><strong>hereditario</strong></span> <span class='ocrx_word' id='word_1_187' title='bbox 1095 4546 1359 4606; x_wconf 90' lang='lat' dir='ltr'><strong>concernentem;</strong></span> <span class='ocrx_word' id='word_1_188' title='bbox 1385 4532 1435 4592; x_wconf 93' lang='lat' dir='ltr'><strong>cui</strong></span> <span class='ocrx_word' id='word_1_189' title='bbox 1460 4530 1532 4591; x_wconf 88' lang='lat' dir='ltr'><strong>data</strong></span> 
     </span>
     <span class='ocr_line' id='line_1_24' title="bbox 271 4639 676 4721; baseline 0.005 -21"><span class='ocrx_word' id='word_1_190' title='bbox 271 4651 316 4701; x_wconf 88' lang='lat' dir='ltr'><strong>est</strong></span> <span class='ocrx_word' id='word_1_191' title='bbox 340 4639 431 4700; x_wconf 88' lang='lat' dir='ltr'><strong>litera</strong></span> <span class='ocrx_word' id='word_1_192' title='bbox 456 4639 676 4721; x_wconf 84' lang='lat' dir='ltr'><strong>privilegialis.</strong></span> 
     </span>
    </p>
   </div>
   <div class='ocr_carea' id='block_1_5' title="bbox 270 4761 1532 5062">
    <p class='ocr_par' dir='ltr' id='par_1_8' title="bbox 270 4761 1532 5062">
     <span class='ocr_line' id='line_1_25' title="bbox 376 4761 1531 4845; baseline -0.004 -20"><span class='ocrx_word' id='word_1_193' title='bbox 376 4764 474 4837; x_wconf 89' lang='lat' dir='ltr'><strong>Quod</strong></span> <span class='ocrx_word' id='word_1_194' title='bbox 500 4764 574 4845; x_wconf 88' lang='lat' dir='ltr'><strong>quia</strong></span> <span class='ocrx_word' id='word_1_195' title='bbox 600 4764 749 4845; x_wconf 82' lang='lat' dir='ltr'><strong>egregius</strong></span> <span class='ocrx_word' id='word_1_196' title='bbox 766 4763 918 4824; x_wconf 86' lang='lat' dir='ltr'><strong>dominus</strong></span> <span class='ocrx_word' id='word_1_197' title='bbox 943 4763 1054 4824; x_wconf 88' lang='lat' dir='ltr'><strong>Petrus</strong></span> <span class='ocrx_word' id='word_1_198' title='bbox 1072 4762 1220 4844; x_wconf 83' lang='lat' dir='ltr'><strong>Boczlray</strong></span> <span class='ocrx_word' id='word_1_199' title='bbox 1238 4761 1277 4822; x_wconf 86' lang='lat' dir='ltr'><strong>de</strong></span> <span class='ocrx_word' id='word_1_200' title='bbox 1302 4761 1444 4842; x_wconf 86' lang='lat' dir='ltr'><strong>Razyna,</strong></span> <span class='ocrx_word' id='word_1_201' title='bbox 1462 4779 1531 4841; x_wconf 88' lang='lat' dir='ltr'><strong>pre·</strong></span> 
     </span>
     <span class='ocr_line' id='line_1_26' title="bbox 270 4863 1532 4953; baseline -0.003 -23"><span class='ocrx_word' id='word_1_202' title='bbox 270 4868 369 4932; x_wconf 88' lang='lat' dir='ltr'><strong>latum</strong></span> <span class='ocrx_word' id='word_1_203' title='bbox 395 4871 566 4953; x_wconf 86' lang='lat' dir='ltr'><strong>pallacium</strong></span> <span class='ocrx_word' id='word_1_204' title='bbox 594 4889 688 4932; x_wconf 83' lang='lat' dir='ltr'><strong>suum</strong></span> <span class='ocrx_word' id='word_1_205' title='bbox 713 4871 877 4932; x_wconf 89' lang='lat' dir='ltr'><strong>desertum</strong></span> <span class='ocrx_word' id='word_1_206' title='bbox 893 4869 1113 4952; x_wconf 86' lang='lat' dir='ltr'><strong>supradictum</strong></span> <span class='ocrx_word' id='word_1_207' title='bbox 1139 4887 1211 4929; x_wconf 91' lang='lat' dir='ltr'><strong>cum</strong></span> <span class='ocrx_word' id='word_1_208' title='bbox 1237 4863 1442 4950; x_wconf 90' lang='lat' dir='ltr'><strong>pertinenciis</strong></span> <span class='ocrx_word' id='word_1_209' title='bbox 1460 4867 1532 4928; x_wconf 93' lang='lat' dir='ltr'><strong>uni-</strong></span> 
     </span>
     <span class='ocr_line' id='line_1_27' title="bbox 272 4972 1530 5062; baseline -0.004 -24"><span class='ocrx_word' id='word_1_210' title='bbox 272 4978 367 5042; x_wconf 89' lang='lat' dir='ltr'><strong>versis</strong></span> <span class='ocrx_word' id='word_1_211' title='bbox 391 4978 493 5041; x_wconf 91' lang='lat' dir='ltr'><strong>nobili</strong></span> <span class='ocrx_word' id='word_1_212' title='bbox 518 4992 550 5042; x_wconf 88' lang='lat' dir='ltr'><strong>et</strong></span> <span class='ocrx_word' id='word_1_213' title='bbox 581 4977 730 5062; x_wconf 88' lang='lat' dir='ltr'><strong>prudenti</strong></span> <span class='ocrx_word' id='word_1_214' title='bbox 764 4978 832 5042; x_wconf 91' lang='lat' dir='ltr'><strong>viro</strong></span> <span class='ocrx_word' id='word_1_215' title='bbox 866 4977 1006 5040; x_wconf 88' lang='lat' dir='ltr'><strong>Sowano</strong></span> <span class='ocrx_word' id='word_1_216' title='bbox 1042 4975 1081 5039; x_wconf 88' lang='lat' dir='ltr'><strong>de</strong></span> <span class='ocrx_word' id='word_1_217' title='bbox 1116 4975 1283 5038; x_wconf 88' lang='lat' dir='ltr'><strong>Florencia</strong></span> <span class='ocrx_word' id='word_1_218' title='bbox 1308 4972 1530 5038; x_wconf 87' lang='lat' dir='ltr'><strong>tricesimatori</strong></span> 
     </span>
    </p>
   </div>
   <div class='ocr_carea' id='block_1_6' title="bbox 0 0 1910 5806">
    <p class='ocr_par' dir='ltr' id='par_1_9' title="bbox 0 0 1910 5806">
     <span class='ocr_line' id='line_1_28' title="bbox 0 0 1910 5806; baseline 0 0"><span class='ocrx_word' id='word_1_219' title='bbox 0 0 1910 5806; x_wconf 95' lang='lat' dir='ltr'><strong> </strong></span> 
     </span>
    </p>
   </div>
  </div>
 </body>
</html>
