3840 5800
980 1571 1043 1650 tx.

394 1821 486 1882 1504.
537 1803 618 1863 Pro
662 1803 795 1864 missa
850 1803 970 1865 beati
1014 1804 1131 1884 regis
1178 1803 1413 1887 Stephani,
1465 1806 1644 1886 patroni

386 1907 651 1971 buiusalme
677 1909 1525 1991 ecclesie‚singulisdiebuscantando
1550 1930 1644 1972 con-

383 2015 600 2076 tinuanda
636 2037 766 2099 super
798 2036 952 2098 magno
983 2017 1120 2078 altari
1152 2017 1302 2079 statim
1336 2016 1472 2079 finita
1495 2017 1646 2099 prima,

384 2121 417 2201 (i.
436 2121 560 2186 e.hora
578 2123 1645 2205 breviarii),cumeisdemprebendariisconvencio

383 2225 500 2289 sacta
533 2229 669 2290 estin
705 2225 821 2291 festo
857 2229 975 2290 beati
1014 2229 1164 2310 Egidii
1200 2229 1401 2308 abbatis,
1436 2249 1512 2311 pro
1547 2226 1646 2294 flor.

384 2334 730 2417 quinquaginta,
755 2336 1378 2416 usquerevolucionemanni
1403 2335 1583 2417 integri,
1606 2335 1646 2396 in

383 2439 786 2502 duobusterminis
817 2443 1094 2520 solucionis,
1128 2461 1204 2524 pro
1237 2460 1318 2523 qua
1343 2442 1468 2503 missa
1493 2460 1645 2502 memo·

383 2546 724 2607 ratusdominus
749 2548 1137 2626 reverendissmus‚
1162 2547 1645 2629 dominusLucas,pre-

382 2651 503 2712 latus
529 2666 676 2713 noster
699 2653 1078 2732 graciosissimus,
1109 2653 1242 2714 dedit
1266 2653 1459 2715 decimas
1484 2654 1646 2715 utrius·

382 2775 466 2836 que
492 2755 689 2818 Gradecz
714 2760 1123 2840 compertinentiis
1153 2775 1192 2822 et
1217 2760 1403 2842 Petryne
1428 2759 1646 2822 similiter

382 2882 474 2924 curn
500 2865 810 2946 pertinenciis,
835 2881 1012 2947 excepta
1037 2879 1206 2947 quarta,
1231 2885 1313 2948 que
1338 2866 1526 2928 debetur
1552 2865 1645 2928 Pre-

387 2971 544 3050 posito
569 2971 725 3031 maiori
763 2970 893 3032 huius
925 2973 1118 3033 ecclesie
1150 2973 1188 3032 in
1220 2972 1488 3055 prescriptis
1513 2971 1645 3048 locis;

390 3096 515 3157 quam
541 3078 711 3138 missam
737 3078 1643 3161 ceperuntcontinuareprebendariidie

870 3187 1135 3268 prescripto,

486 3378 548 3439 Pro
573 3379 819 3460 supportatione
851 3378 971 3460 prefate
1005 3381 1098 3440 misse
1131 3378 1351 3460 prebendariis
1383 3378 1448 3440 dati
1472 3391 1547 3440 sunt
1572 3377 1643 3440 flor.

383 3483 495 3563 viginti
521 3485 665 3566 quinque
691 3486 722 3544 in
748 3483 828 3546 festo
854 3485 1026 3547 Scolastice
1051 3486 1195 3566 virginis,
1219 3505 1305 3546 anno
1330 3484 1463 3546 Domini
1493 3506 1503 3546 r
1512 3506 1584 3565 505.

489 3597 584 3652 Anno
609 3591 784 3672 prescripto
809 3611 867 3672 pro
884 3593 1131 3672 supportatione
1148 3592 1291 3652 eiusdem
1312 3592 1407 3652 misse
1424 3591 1646 3673 prebendariis

382 3696 478 3757 soluti
504 3711 578 3757 sunt
603 3697 670 3760 flor.
694 3697 806 3778 viginti
831 3698 975 3778 quinque
1000 3699 1032 3757 in
1057 3697 1168 3779 vigilia
1200 3697 1382 3758 Nativitatis
1407 3697 1517 3760 Marie.

488 3801 564 3863 Item
590 3823 676 3863 anno
701 3803 832 3864 Domini
865 3803 1041 3864 millesimo
1073 3803 1334 3885 quingentesimo
1365 3815 1465 3882 sexto,
1499 3803 1530 3863 in
1563 3801 1644 3864 festo

382 3906 544 3968 Valentini
570 3909 708 3969 martiris
745 3909 808 3969 dati
833 3923 906 3970 sunt
931 3909 1151 3991 prebendariis
1179 3910 1248 3970 flor.
1275 3909 1387 3990 viginti
1412 3909 1558 3990 quinque
1583 3927 1643 3991 pro

381 4015 627 4096 supportacione
652 4017 764 4078 misse:
796 4015 841 4078 Os
864 4015 936 4097 justi
962 4031 1019 4080 etc.

487 4121 611 4183 Eodem
636 4143 720 4184 anno
747 4123 866 4184 eisdem
889 4124 1110 4205 prebendariis
1127 4124 1192 4184 dati
1218 4122 1286 4186 flor.
1303 4122 1415 4203 viginti
1441 4123 1585 4204 quinque
1610 4122 1644 4183 in

381 4224 463 4286 festo
490 4227 705 4290 Exaltacionis
735 4250 758 4291 s.
783 4228 905 4292 Crucis.

488 4333 564 4394 Item
590 4355 675 4395 anno
700 4335 833 4397 Domini
858 4337 1033 4398 millesimo
1051 4337 1312 4418 quingentesimo
1329 4337 1478 4419 septimo,
1504 4337 1536 4397 in
1561 4334 1644 4398 festo

381 4438 534 4500 kathedre
559 4442 658 4502 sancti
684 4442 766 4502 Petri
805 4443 942 4524 apostoli
968 4444 1064 4504 soluti
1089 4457 1163 4504 sunt
1187 4442 1407 4523 prebendariis
1430 4441 1501 4506 flor.
1524 4441 1643 4522 viginti

380 4547 525 4628 quinque
550 4567 607 4630 pro
632 4549 879 4630 supportacione
905 4550 1019 4610 misse:
1045 4549 1091 4611 Os
1116 4549 1189 4630 justi
1215 4563 1273 4611 etc.

487 4654 611 4716 Eodem
637 4674 723 4715 anno
748 4653 879 4716 infesto
906 4656 1013 4736 Egidii
1032 4656 1155 4716 abbatis
1172 4655 1237 4716 dati
1262 4668 1336 4717 sunt
1360 4654 1481 4716 eisdem
1508 4656 1644 4737 preben-

379 4758 475 4820 dariis
499 4759 568 4824 flor.
591 4761 703 4840 viginti
729 4762 882 4842 quinque.
1635 4757 1648 4775 ⁹

484 4866 560 4927 Item
587 4887 670 4927 anno
698 4867 828 4928 Domini
854 4868 1029 4929 millesimo
1058 4867 1318 4948 quingentesimo
1343 4881 1468 4945 oetam,
1493 4887 1551 4950 pro
1568 4887 1645 4950 sup·

379 4974 565 5053 portacione
585 4975 756 5053 prescripte
775 4975 888 5036 misse:
906 4973 952 5036 Os
969 4975 1054 5056 justi,
1070 4975 1167 5036 soluti
1184 4989 1258 5036 sunt
1282 4974 1350 5039 flor.
1367 4975 1479 5055 viginti
1498 4974 1645 5056 quinque

380 5077 517 5139 infesto
543 5081 633 5139 beate
659 5080 833 5163 Apollonie
858 5081 1000 5163 virginis.
