3810 5806
407 559 447 622 60
937 559 1024 618 Anno
1046 573 1140 640 1490.

405 774 589 853 constructi,
621 794 639 834 a
672 773 766 856 plaga
798 773 965 852 orientali,
998 786 1029 835 et
1060 773 1195 836 ecclesie
1219 787 1327 835 nostre
1360 772 1553 855 parochialis
1585 773 1673 836 beati

406 883 504 944 Marci
529 881 746 962 ewangeliste,
770 901 787 942 a
813 893 901 962 parte
925 879 1066 959 australi,
1091 899 1218 942 necnon
1243 881 1325 942 inter
1349 881 1435 942 viam
1459 899 1668 942 communem

405 990 541 1072 aplaga
566 987 771 1067 occidentali,
804 1001 835 1049 et
868 987 950 1048 inter
980 1001 1098 1049 terram
1130 987 1250 1048 iamin
1282 983 1382 1048 fenile
1406 986 1568 1048 redactam
1591 986 1672 1047 libe-

404 1115 515 1158 rorum
539 1115 596 1156 seu
620 1113 841 1155 successorum
859 1094 997 1156 condam
1022 1093 1195 1176 Augustini
1213 1093 1379 1174 Kwsne,a
1404 1106 1493 1175 parte
1517 1091 1671 1154 meridio-

404 1202 479 1280 nali,
504 1203 649 1283 quinque
675 1201 725 1262 vel
759 1201 836 1263 citra
869 1214 904 1262 ut
936 1200 1052 1262 dicitur
1084 1201 1186 1263 dietas
1218 1215 1301 1263 terre
1333 1201 1366 1262 in
1391 1220 1423 1262 se
1451 1201 1670 1262 continentem

405 1307 548 1391 Georgio
573 1308 682 1369 Eenak
708 1307 748 1368 de
771 1307 844 1370 vico
873 1321 1030 1387 sutorum,
1063 1307 1182 1368 seniori
1216 1307 1319 1389 jurato
1345 1321 1376 1370 et
1400 1307 1525 1369 concivi
1550 1321 1671 1386 nostro,

403 1415 549 1476 vendidit
572 1414 640 1496 jure
673 1428 830 1497 perpetuo
861 1413 1090 1496 possidendam
1122 1433 1180 1496 pro
1212 1433 1266 1475 sex
1298 1413 1367 1476 flor.
1392 1413 1482 1490 auri;
1518 1413 1569 1475 cui
1594 1413 1669 1475 data

404 1535 450 1584 est
474 1521 565 1584 litera
589 1521 799 1603 privilegialis
823 1540 918 1604 super
943 1521 1116 1603 premissis.

509 1627 587 1690 ltem
613 1627 702 1710 quod
736 1628 811 1710 quia
843 1629 943 1710 proba
977 1641 1007 1688 et
1039 1626 1172 1688 honesta
1197 1625 1314 1688 mulier
1345 1625 1509 1687 Dorothea
1543 1640 1667 1706 vocata,

403 1735 513 1798 relicta
537 1734 675 1796 condam
701 1735 772 1795 Elie
789 1732 905 1796 fusoris
930 1753 1159 1815 campanarum
1176 1733 1322 1795 vendidit
1345 1733 1509 1815 quandam
1534 1733 1668 1795 domum

402 1861 492 1903 suam
518 1855 675 1902 muratam
700 1841 797 1902 simul
829 1859 902 1902 cum
935 1840 1053 1902 celario
1086 1842 1295 1902 subterraneo
1328 1853 1465 1918 murato,
1489 1838 1662 1921 fundisque

403 1963 434 2009 et
457 1946 613 2009 hedificiis
637 1963 700 2008 tam
726 1947 824 2029 lignei
850 1966 947 2029 quam
973 1947 1092 2028 lapidei
1117 1947 1223 2028 operis
1241 1947 1397 2008 universis
1422 1947 1454 2008 in
1479 1947 1563 2009 dicta
1587 1947 1666 2009 civi·

402 2067 466 2117 tate
492 2055 573 2116 inter
598 2054 731 2115 domum
758 2069 788 2116 et
812 2052 948 2115 fundum
974 2053 1122 2115 similiter
1149 2067 1308 2114 muratam
1333 2053 1457 2115 honesti
1484 2065 1515 2115 et
1538 2054 1665 2134 providi

403 2161 461 2222 viri
488 2162 598 2222 Jacobi
624 2161 766 2240 Almani,
790 2161 868 2222 alias
892 2159 985 2239 iurati
1011 2173 1042 2222 et
1066 2161 1208 2222 concivis
1225 2159 1336 2236 nostri,
1361 2163 1401 2220 ab
1427 2179 1490 2221 una
1515 2160 1667 2223 videlicet

402 2289 419 2329 a
444 2267 700 2350 septemtrionali
725 2282 825 2350 parte,
842 2269 881 2329 ab
905 2267 1005 2330 altera
1029 2287 1105 2329 vero
1123 2281 1210 2349 parte
1228 2267 1378 2328 videlicet
1394 2267 1555 2345 orientali,
1579 2267 1667 2328 sirni-

402 2375 474 2436 liter
499 2373 618 2436 fundus
650 2375 795 2436 eiusdem
828 2375 987 2456 prenotati
1019 2375 1141 2452 Jacobi,
1175 2393 1271 2435 unam
1304 2375 1461 2454 integram
1491 2375 1611 2436 curiam
1636 2390 1668 2436 et

402 2500 498 2542 unam
524 2493 669 2542 octavam
695 2481 793 2559 curie,
807 2481 938 2562 egregio
961 2481 1031 2543 viro
1058 2480 1221 2542 balthasar
1244 2481 1285 2542 de
1310 2480 1409 2560 Jalza,
1434 2479 1503 2542 filio
1527 2481 1666 2543 condam

403 2586 556 2669 Stephani
583 2587 741 2668 Hungari,
766 2601 801 2649 ut
826 2587 887 2668 jam
913 2607 1000 2649 novo
1032 2587 1157 2649 concivi
1189 2599 1299 2649 nostro
1323 2607 1382 2669 pro
1406 2561 1665 2668 sexaginta'flor.

401 2694 481 2772 auri,
506 2693 566 2755 hoc
597 2708 705 2755 tamen
737 2694 820 2755 clare
856 2692 1056 2775 specificato:
1092 2694 1180 2775 quod
1217 2693 1320 2755 dictus
1359 2693 1524 2756 Balthasar
1557 2713 1664 2756 coram

401 2800 497 2862 nobis
520 2800 575 2862 tali
601 2799 800 2882 obligamine
824 2820 855 2860 se
882 2801 1049 2880 obligavit,
1079 2801 1166 2881 quod
1199 2800 1231 2860 in
1256 2800 1424 2882 posteriori
1451 2813 1539 2882 parte
1565 2800 1665 2882 ipsius

402 2901 518 2968 domus
543 2906 713 2988 disponere
738 2921 769 2968 et
792 2905 963 2968 hedificare
988 2906 1103 2968 debeat
1127 2921 1157 2968 et
1184 2919 1329 2968 teneatur
1354 2925 1452 2967 unam
1476 2907 1603 2968 stubam
1630 2920 1661 2968 et

400 3014 575 3096 pretorium
595 3027 625 3074 et
643 3033 738 3074 unam
754 3033 923 3092 cameram,
942 3015 973 3073 in
1000 3033 1066 3094 quo
1090 3012 1240 3074 hedificio
1258 3013 1341 3075 dicta
1358 3011 1519 3074 Dorothea
1546 3013 1660 3074 mulier

400 3121 534 3182 durante
548 3120 608 3181 sibi
622 3120 685 3180 vita
699 3120 799 3182 libere
824 3133 854 3182 et
868 3117 998 3202 pacifice
1024 3119 1141 3181 morari
1167 3134 1197 3180 et
1214 3138 1343 3181 manere
1368 3120 1486 3200 poterit
1509 3132 1540 3180 et
1559 3119 1664 3180 valeat

398 3227 518 3308 absque
543 3227 631 3287 omni
658 3226 909 3308 impedimento;
934 3227 1105 3308 assumpsit
1129 3226 1230 3288 eciam
1257 3224 1397 3308 prefatus
1423 3226 1589 3286 balthasar
1605 3245 1659 3288 co·

399 3353 465 3394 ram
491 3333 594 3411 nobis,
627 3333 714 3414 quod
747 3333 779 3393 in
811 3333 963 3395 omnibus
995 3333 1148 3394 oneribus
1180 3333 1331 3395 videlicet
1362 3333 1442 3393 taxis
1475 3345 1540 3393 tam
1565 3332 1662 3412 regiis

398 3458 494 3520 quam
520 3439 667 3516 civitatis,
685 3439 874 3519 vigilaturis,
899 3439 1064 3500 laboribus
1081 3439 1179 3519 vulgo
1204 3439 1312 3501 thlaka
1336 3439 1437 3521 ipsam
1464 3437 1661 3500 Dorotheam

398 3546 567 3608 mulierem
592 3559 812 3628 supportatam
831 3546 962 3608 habebit
979 3547 1117 3628 propriis
1135 3547 1201 3607 suis
1218 3545 1365 3628 expensis
1389 3559 1420 3607 et
1439 3563 1496 3628 pro
1521 3564 1557 3607 ea
1576 3545 1662 3606 exol-

396 3673 470 3715 vere
495 3653 642 3734 promisit
666 3667 697 3714 et
727 3653 906 3729 tenebitur;
941 3654 991 3714 cui
1024 3653 1097 3714 data
1130 3667 1176 3715 est
1209 3653 1299 3714 litera
1331 3651 1542 3735 privilegialis
1566 3671 1664 3735 super

397 3759 569 3842 premissis.

502 3867 579 3927 ltem
605 3865 694 3946 quod
713 3866 788 3947 quia
806 3866 853 3926 vir
870 3865 1024 3947 providus
1042 3877 1073 3927 et
1089 3865 1242 3928 honestus
1260 3867 1449 3929 Dominicus
1475 3867 1660 3952 Perowych,

396 3971 1658 4054 modernusjudexnostersupradictusexecutortestamenticondamlohannis

399 4079 527 4157 Bnlsak,
552 4079 668 4140 virtute
702 4079 882 4140 executoris
915 4078 1060 4139 vendidit
1092 4078 1254 4159 quandam
1290 4093 1406 4139 terram
1439 4077 1593 4140 arabilem
1628 4079 1660 4139 in

396 4205 512 4266 campo
537 4199 647 4246 nostro
671 4205 727 4245 seu
752 4185 888 4245 civitatis
905 4183 1037 4266 prefate,
1055 4185 1137 4246 inter
1152 4197 1251 4245 terras
1275 4185 1422 4246 similiter
1447 4185 1583 4246 arabiles
1600 4185 1658 4246 viri

396 4291 521 4372 providi
548 4305 578 4352 et
601 4291 727 4352 honesti
754 4291 865 4351 Altacii
891 4291 1032 4369 Almani,
1064 4291 1104 4351 ab
1136 4310 1210 4369 una,
1246 4291 1395 4353 videlicet
1419 4311 1436 4352 a
1461 4292 1660 4373 septemtrio·

397 4397 461 4459 nali
486 4411 585 4480 parte,
613 4413 642 4458 et
668 4398 749 4458 inter
773 4410 889 4458 terram
914 4397 1061 4458 similiter
1092 4397 1247 4458 arabilem
1272 4418 1326 4459 are
1350 4398 1449 4459 sancti
1475 4397 1601 4459 Nicolai
1628 4398 1659 4458 in

396 4505 528 4567 ecclesia
554 4519 660 4566 nostra
686 4503 861 4587 parochiali
889 4504 988 4564 sancti
1022 4504 1121 4565 Marci
1158 4504 1365 4585 ewangeliste
1398 4519 1589 4583 constructe,
1621 4507 1660 4566 ab

396 4613 457 4673 alia
483 4612 632 4672 videlicet
648 4631 665 4672 a
683 4610 887 4672 meridionali
902 4625 1000 4692 parte,
1018 4630 1144 4672 necnon
1162 4611 1243 4672 inter
1260 4611 1327 4673 vias
1344 4631 1543 4689 communes,
1563 4631 1658 4673 unam

396 4720 435 4781 ab
461 4720 583 4780 oriente
609 4733 639 4780 et
663 4717 758 4778 aliam
784 4718 824 4777 ab
848 4717 1025 4794 occidente,
1057 4733 1120 4777 tres
1152 4717 1202 4778 vel
1228 4717 1305 4779 citra
1338 4718 1440 4779 dietas
1464 4733 1545 4779 terre
1570 4719 1603 4779 in
1627 4738 1659 4779 se

396 4827 627 4902 continentem,
647 4823 807 4905 Gregorio
826 4823 947 4884 Pethko
965 4823 1004 4885 de
1022 4823 1093 4884 vico
1118 4837 1275 4902 sutorum,
1291 4824 1411 4886 seniori
1428 4823 1531 4905 jurato
1551 4839 1661 4886 nostro

398 4949 429 4995 et
453 4933 578 4996 concivi
602 4952 661 5015 pro
686 4933 799 5013 viginti
825 4932 951 4993 duobus
984 4931 1114 4993 florenis
1139 4933 1208 4992 auri
1234 4931 1301 5013 jure
1334 4931 1582 5015 possidendam
1606 4933 1665 5003 cui

398 5039 470 5103 data
495 5053 541 5102 est
564 5040 655 5102 litera
681 5039 892 5122 privilegialis
916 5057 1010 5122 super
1035 5039 1209 5122 premissis.
