3810 5806
752 562 838 619 Anno
861 573 950 639 1514.
1440 583 1481 646 97

219 667 434 674 —---——--

216 771 311 831 simul
339 792 410 833 curn
436 773 588 832 omnibus
613 771 756 832 eiusdem
781 785 863 834 terre
882 772 1023 850 arabilis,
1047 791 1172 834 necnon
1196 773 1325 834 duobus
1349 773 1484 856 (h)ortis,

216 892 355 959 quatuor
368 879 468 940 dietas
492 879 523 939 in
549 898 581 938 se
606 878 856 955 continentibus,
881 892 916 939 ut
940 875 1106 960 prefertur,
1132 878 1336 958 utilitatibus,
1362 880 1483 958 usibus,

216 997 247 1046 et
263 985 470 1066 pertinenciis
496 985 650 1045 universis
674 985 811 1067 provido
835 985 904 1046 viro
931 985 1010 1069 Elye
1035 984 1074 1047 de
1111 984 1300 1066 Cirquische
1324 985 1430 1048 incole
1454 1001 1485 1048 et

218 1090 425 1152 inhabitatori
449 1090 602 1153 territorii
626 1090 762 1152 civitatis
778 1105 886 1153 nostre
909 1111 945 1152 ac
963 1110 1109 1173 pereum
1138 1091 1203 1152 auis
1226 1091 1399 1154 heredibus
1424 1111 1484 1175 pro

216 1197 287 1259 flor.
311 1218 376 1275 sex,
401 1197 521 1258 liberos
545 1199 649 1280 abque
675 1197 764 1258 omni
783 1217 879 1259 censu
904 1199 1070 1260 communi
1088 1212 1209 1277 nostro,
1234 1198 1303 1279 jure
1327 1212 1485 1282 perpetuo

217 1305 423 1365 vendidimus
447 1319 478 1365 et
503 1303 723 1386 inscripsimus
747 1304 960 1384 possidendos
993 1306 1110 1386 pariter
1136 1317 1166 1366 et
1191 1305 1367 1369 habendos.

323 1410 421 1484 Quod
447 1429 506 1470 nos
530 1411 569 1470 ad
595 1409 788 1492 peticionem
808 1411 934 1492 providi
960 1411 1019 1472 viri
1037 1411 1193 1472 Johannis
1211 1412 1389 1473 Herswnelr
1406 1431 1482 1473 con-

217 1517 294 1578 civis
326 1517 445 1594 nostri,
479 1517 643 1598 quandam
675 1517 803 1578 vineam
839 1537 931 1578 suam
966 1516 1226 1578 condicionalem
1259 1517 1290 1579 in
1324 1518 1486 1580 territorio

219 1637 328 1684 nostro
353 1642 410 1684 seu
435 1623 573 1684 civitatis
597 1621 718 1704 prefate
737 1623 819 1684 inter
843 1624 969 1685 vineam
996 1622 1123 1705 providi
1148 1624 1207 1685 viri
1226 1624 1316 1714 Pauli
1343 1624 1383 1686 de
1407 1625 1485 1687 villa

219 1729 389 1812 l'obresye,
414 1749 430 1790 a
455 1743 543 1810 parte
569 1728 785 1807 meridionali,
818 1742 849 1790 et
877 1729 993 1810 partim
1026 1729 1128 1790 eciam
1162 1729 1244 1792 inter
1269 1731 1396 1792 vineam
1421 1731 1484 1792 dis-

217 1836 292 1897 creti
317 1836 441 1896 domini
468 1835 579 1896 Jacobi
604 1835 737 1897 rectoris
759 1855 812 1898 are
837 1835 1010 1898 duodecim
1043 1835 1267 1917 apostolorum
1294 1837 1326 1898 in
1352 1836 1484 1898 ecclesia

217 1957 323 2003 nostra
349 1942 525 2024 parochiali
551 1942 635 2003 beati
662 1943 761 2004 Marci
786 1943 993 2024 ewangeliste
1016 1957 1197 2004 constructe
1222 1956 1253 2004 et
1277 1941 1420 2022 fundate,
1444 1945 1485 2005 ab

218 2052 284 2132 ipsa
310 2065 399 2132 parte
424 2050 641 2127 meridionali,
665 2049 782 2110 deinde
816 2049 963 2132 procedit
987 2069 1043 2132 per
1076 2063 1194 2111 metam
1219 2050 1365 2112 eiusdem
1390 2051 1482 2111 vinee

218 2157 364 2237 pervenit
389 2156 420 2216 in
446 2155 611 2238 quoddam
636 2157 784 2218 arborem
809 2157 923 2234 cerusi,
941 2156 1058 2218 deinde
1086 2157 1233 2238 pervenit
1259 2157 1376 2218 directe
1402 2155 1485 2218 inira

218 2282 327 2324 versus
351 2276 473 2344 partem
498 2262 732 2323 occidentalem
752 2262 783 2322 in
813 2261 947 2324 fluvium
976 2281 1033 2324 seu
1062 2282 1189 2324 cursum
1215 2283 1297 2346 aque
1323 2263 1484 2346 pluvialis,

217 2383 347 2450 aparte
372 2387 448 2430 vero
473 2368 621 2430 orientali
654 2387 756 2448 usque
789 2369 872 2429 viam
907 2387 1113 2430 communem
1147 2388 1180 2431 se
1205 2369 1483 2449 extendentem,a

218 2489 306 2556 parte
332 2494 409 2536 vero
433 2474 688 2556 septemtrionali
713 2493 813 2556 penes
837 2475 986 2536 rubetum
1012 2489 1117 2536 nostre
1144 2475 1395 2554 communitatis,
1420 2495 1484 2538 me·

219 2581 327 2642 diante
351 2580 492 2662 quadam
517 2581 569 2640 via
594 2581 676 2642 inter
701 2582 785 2662 ipsas
808 2581 918 2642 vineas
953 2581 1061 2642 habita
1086 2595 1116 2642 et
1140 2582 1304 2660 existente,
1327 2582 1404 2664 ipsis
1427 2583 1485 2643 sci-

219 2688 294 2749 licet
318 2686 556 2750 circumvicinis
581 2687 741 2769 pertinere
778 2700 809 2749 et
841 2687 1002 2749 deservire
1035 2687 1184 2764 debente,
1208 2687 1304 2748 simul
1328 2707 1400 2748 curn
1424 2688 1485 2748 vir·

219 2795 311 2875 gulto
336 2795 441 2856 eidem
474 2793 663 2868 subiacenti,
695 2793 837 2856 habitam
871 2807 902 2855 et
933 2795 1133 2872 existentem,
1165 2794 1205 2856 de
1238 2814 1301 2876 qua
1326 2795 1420 2856 nobis
1444 2793 1484 2856 ad

218 2900 408 2962 comitatum
433 2914 577 2962 nostrum
603 2899 738 2980 singulis
762 2901 854 2961 annis
870 2901 1103 2982 proveniebant
1127 2901 1224 2962 solidi
1249 2900 1429 2964 octodecim
1454 2914 1486 2962 et

219 3007 414 3068 viennensis
437 3026 531 3084 unus,
556 3025 639 3088 quos
663 3025 722 3067 nos
746 3005 850 3068 eidem
884 3005 924 3067 ad
956 3007 1144 3087 premissam
1178 3007 1371 3089 peticionem
1395 3025 1484 3068 suam

220 3133 277 3194 pro
303 3131 370 3173 uno
395 3111 466 3176 flor.
492 3125 522 3173 et
546 3112 659 3173 solidis
683 3111 796 3192 viginti
815 3113 994 3193 quinques
1013 3111 1247 3194 prelatocensu
1272 3127 1381 3175 nostro
1398 3132 1485 3174 cont·

219 3219 308 3281 muni
333 3218 556 3282 libertavimus
580 3233 612 3280 et
635 3219 841 3297 abolivimus,
866 3232 897 3280 et
921 3220 1025 3281 eidem
1050 3219 1118 3298 jure
1146 3234 1302 3303 perpetuo
1325 3219 1485 3301 inscripsi·

219 3345 290 3386 mus
314 3339 346 3386 et
370 3323 566 3387 conferimus
591 3325 819 3408 possidendam
845 3326 964 3407 pariter
987 3339 1018 3386 et
1042 3326 1234 3388 habendam.

324 3431 424 3505 Quod
449 3451 508 3493 nos
531 3432 571 3493 ad
604 3431 799 3513 peticionem
826 3432 946 3494 Mathei
973 3432 1116 3494 Kowach
1149 3433 1238 3512 dicti,
1263 3432 1302 3493 de
1327 3433 1484 3495 suburbio

219 3539 358 3601 civitatis
382 3553 501 3617 nostre,
526 3539 735 3620 concivisque
760 3539 872 3618 nostri,
905 3539 1071 3620 quoddam
1104 3553 1230 3621 pratum
1256 3559 1349 3601 suum
1374 3539 1483 3601 condi·
1560 3538 1562 3544 ’

220 3646 347 3708 cionale
373 3645 404 3707 in
428 3646 590 3708 territorio
608 3659 717 3707 nostro
742 3665 798 3708 seu
815 3646 953 3707 civitatis
970 3645 1091 3728 prefate
1109 3645 1266 3723 habiturn,
1291 3645 1373 3707 inter
1390 3665 1483 3727 quas·

220 3752 293 3813 dam
319 3753 388 3813 vias
412 3771 602 3814 communes
625 3765 690 3813 tam
715 3753 754 3813 ab
775 3752 923 3813 orientali
943 3771 1039 3833 quam
1065 3753 1165 3813 eciam
1192 3751 1395 3812 meridionali
1413 3770 1483 3832 par-

220 3861 307 3921 tibus
324 3859 583 3938 circumvolutas,
594 3873 625 3920 et
637 3861 677 3920 ab
695 3859 886 3921 occidentali
905 3859 986 3922 inter
1003 3859 1165 3941 quandam
1182 3873 1297 3920 terram
1317 3857 1484 3936 desertam,

219 3967 396 4047 spinosam,
420 3965 677 4054 tribulosamque
703 3979 808 4026 nostre
826 3965 1076 4043 communitatis,
1102 3987 1117 4025 a
1143 3980 1324 4046 portavero
1349 3978 1484 4046 septem·

220 4073 349 4134 trionali
375 4073 540 4153 quoddam
567 4070 686 4133 fossato
711 4071 944 4133 circumvoluta
978 4073 1076 4152 vulgo
1102 4071 1330 4155 Kalinowycza
1356 4070 1485 4149 dictam,

221 4199 282 4260 que
310 4179 487 4240 inundatur
505 4178 603 4239 fluvio
627 4198 664 4238 ex
681 4178 809 4239 civitate
827 4177 988 4238 defluente
1006 4193 1151 4259 tempore
1170 4177 1313 4258 pluviali,
1339 4175 1481 4238 habitum

221 4298 251 4345 et
275 4285 426 4362 existens,
453 4285 491 4344 de
517 4303 582 4365 quo
619 4284 713 4345 nobis
745 4283 978 4366 proveniebant
1011 4283 1101 4344 omni
1133 4301 1218 4343 anno
1250 4281 1346 4342 solidi
1371 4281 1483 4361 viginti

221 4394 378 4473 quinque,
403 4411 486 4472 quos
510 4411 568 4452 nos
593 4392 632 4452 ad
657 4392 844 4472 premissam
874 4391 1068 4471 peticionem
1102 4409 1191 4450 suam
1216 4388 1379 4471 perpetuis
1403 4402 1483 4449 tem·

221 4499 354 4580 poribus
378 4497 438 4559 sibi
463 4511 494 4560 et
520 4497 693 4558 heredibus
716 4497 782 4558 suis
799 4517 857 4578 pro
875 4495 944 4559 flor.
971 4496 1099 4558 duobus
1116 4495 1310 4556 abolivimus
1335 4509 1365 4556 et
1390 4494 1482 4555 liber·

221 4605 359 4666 tavimus
384 4605 451 4684 jure
477 4619 631 4687 perpetuo
656 4603 777 4666 eisdem
803 4604 1023 4686 inscripsimus
1047 4617 1077 4664 et
1102 4601 1297 4664 conferimus
1321 4600 1484 4682 possiden-

221 4712 298 4772 dum
322 4711 441 4792 pariter
464 4726 495 4771 et
519 4710 715 4772 habendum.

326 4817 425 4891 Quod
450 4836 509 4878 nos
534 4817 695 4898 quandam
713 4817 841 4878 vineam
859 4831 998 4879 nostram
1017 4834 1223 4878 communem
1242 4815 1273 4876 in
1293 4815 1484 4875 Werhowcz

222 4923 374 5001 habitam,
399 4923 431 4984 in
455 4923 616 4984 territorio
641 4938 752 4985 nostro
768 4944 824 4986 seu
852 4925 987 4986 civitatis
1006 4922 1136 5005 prefate,
1163 4923 1244 4983 inter
1261 4922 1388 4982 vineam
1412 4940 1483 5002 pro·

222 5031 283 5091 vidi
301 5031 362 5092 viri
383 5030 479 5091 Blasii
497 5030 636 5110 agricole
659 5030 697 5090 de
716 5032 828 5091 eadem
848 5029 1052 5106 Werhowcz,
1069 5049 1086 5088 a
1104 5043 1192 5110 parte
1217 5027 1480 5108 septemtrionali,

1382 5137 1398 5200 7
