3842 5802
407 782 463 822 sue
489 761 646 822 consortis
670 780 830 841 exponere
852 761 978 839 debeat,
996 761 1138 841 reliquos
1155 781 1232 822 vero
1251 761 1332 822 duos
1349 761 1417 825 flor.
1444 764 1511 824 auri
1537 764 1672 844 provide

407 867 515 948 puelle
542 868 643 929 Elena
669 881 791 946 vocate,
815 866 880 928 filie
905 867 1048 928 eiusdem
1071 867 1217 946 Agnetis,
1243 867 1329 928 idem
1355 868 1514 950 Pangracz
1540 870 1615 931 dare
1640 886 1672 931 et

406 975 531 1036 solvere
558 974 718 1035 tenebitur
743 988 773 1034 et
798 973 857 1035 erit
874 973 1046 1055 obligatus,
1073 973 1146 1034 ideo
1166 973 1239 1035 data
1263 987 1310 1034 est
1327 973 1431 1036 eidem
1457 976 1547 1036 litera
1566 991 1672 1037 nostre

407 1081 646 1143 communitatis
671 1080 893 1162 privilegialis.

513 1187 611 1260 Quod
636 1187 711 1268 quia
736 1206 795 1246 nos
819 1185 1035 1247 communitas
1067 1185 1151 1246 dicre
1185 1186 1321 1247 civitatis
1354 1187 1516 1268 quandam
1543 1188 1668 1248 vineam

407 1293 544 1354 condam
570 1292 693 1354 Nicolai
721 1291 896 1376 Galowych
923 1291 1010 1369 dicti,
1036 1291 1196 1354 manifesti
1216 1289 1295 1352 suris
1319 1307 1349 1354 et
1374 1293 1597 1372 malefactoris,
1615 1294 1669 1374 qui

407 1400 471 1460 suis
496 1418 553 1480 pro
578 1399 742 1459 demeritis
766 1411 812 1458 est
837 1398 868 1458 in
895 1397 1039 1478 patibulo
1065 1397 1147 1458 dicte
1173 1398 1310 1458 civitatis
1334 1411 1380 1459 est
1404 1419 1586 1480 suspensus,
1604 1419 1666 1480 que

407 1525 502 1587 super
540 1526 597 1565 nos
631 1504 895 1564 communitatem
928 1504 1048 1564 scilicet
1080 1517 1178 1564 totam
1212 1516 1258 1564 est
1290 1503 1452 1583 devoluta,
1489 1525 1586 1586 quam
1613 1525 1671 1566 nos

407 1611 542 1692 provido
567 1611 635 1672 viro
662 1610 809 1671 Emerico
834 1611 933 1670 sutori
959 1610 1094 1670 Dracula
1119 1609 1205 1672 dicto
1238 1610 1384 1671 similiter
1409 1612 1534 1672 concivi
1561 1627 1671 1672 nostro

407 1715 473 1778 filio
500 1717 661 1777 Valentini
687 1715 851 1797 Terrhych
877 1715 951 1776 dicti
979 1715 1017 1774 de
1051 1715 1154 1775 insula
1182 1715 1341 1798 livanych,
1366 1737 1401 1776 ac
1426 1737 1482 1798 per
1506 1736 1580 1777 eum
1604 1718 1669 1777 suis

407 1823 580 1883 heredibus
613 1822 643 1882 in
676 1821 837 1882 territorio
873 1835 981 1881 nostro
1013 1841 1069 1881 seu
1101 1821 1237 1882 civitatis
1270 1820 1390 1903 prefate
1425 1823 1505 1883 inter
1542 1822 1670 1883 vineam

407 1929 545 1989 condam
571 1928 696 2007 providi
722 1928 780 1988 viri
808 1927 936 1987 Martini
962 1927 1040 1987 olim
1060 1926 1184 2006 judicis,
1209 1947 1224 1987 a
1252 1927 1344 2008 plaga
1370 1928 1510 2004 australi,
1535 1941 1566 1989 et
1591 1929 1672 1989 inter

407 2035 572 2116 quoddam
598 2033 751 2095 fossatum
777 2055 833 2096 seu
859 2034 1028 2094 decursum
1047 2053 1130 2114 aque
1148 2032 1300 2114 pluvialis
1324 2054 1341 2093 a
1366 2049 1453 2114 parte
1477 2034 1670 2095 occidentali

407 2141 550 2202 habitum
578 2155 608 2202 et
633 2141 834 2218 existentem,
859 2141 997 2222 desuper
1025 2161 1041 2200 a
1068 2140 1117 2200 via
1151 2141 1315 2200 communi
1341 2142 1380 2201 ab
1405 2141 1528 2202 oriente
1554 2141 1671 2216 habita,

407 2261 437 2308 et
462 2246 543 2307 infra
569 2267 669 2328 usque
706 2247 886 2329 predictum
919 2245 1090 2306 decursum
1124 2246 1223 2327 ipsius
1255 2267 1338 2327 aque
1362 2247 1513 2328 pluvialis
1538 2250 1577 2308 ab
1603 2248 1671 2329 ipsa

407 2353 598 2414 occidentali
625 2369 713 2435 parre
738 2353 925 2413 existentem
959 2366 990 2412 et
1021 2350 1101 2411 infra
1136 2371 1237 2433 usque
1271 2367 1386 2412 terram
1412 2353 1670 2414 condicionalem

408 2475 515 2520 nostre
542 2460 781 2520 communitatis
813 2479 830 2519 a
862 2475 950 2540 parte
976 2458 1179 2518 meridionali
1208 2459 1312 2537 sitam,
1337 2479 1408 2520 cum
1434 2460 1524 2521 totali
1551 2459 1669 2541 (hlorto

391 2565 512 2624 cidem
531 2565 623 2625 vinee
649 2567 688 2626 ab
713 2566 825 2626 eadem
851 2579 938 2646 parte
958 2565 1163 2625 meridionali
1188 2565 1365 2626 subiacenti
1383 2580 1414 2627 et
1439 2567 1609 2646 pertinenti
1634 2587 1665 2627 se

408 2670 645 2748 extendentem,
669 2671 885 2747 vendidimus,
919 2671 969 2731 cui
995 2670 1066 2732 data
1102 2685 1148 2731 est
1179 2669 1270 2733 litera
1296 2686 1402 2733 nostre
1427 2673 1668 2734 communitatis

408 2776 626 2859 privilegialis.

513 2881 611 2953 Quod
636 2882 712 2962 quia
744 2901 803 2941 nos
834 2895 901 2942 tora
935 2882 1150 2942 communitas
1182 2882 1330 2942 dedimus
1356 2883 1518 2964 quandam
1544 2885 1669 2946 vineam

407 3002 513 3046 nostre
539 2987 779 3047 communitatis
804 2988 1074 3064 condicionalem,
1099 3007 1162 3067 que
1180 2988 1317 3048 condam
1345 2988 1477 3049 Fabiani
1504 2990 1579 3051 dicti
1614 2991 1669 3052 Se·

408 3093 578 3176 berlenych
604 3091 774 3174 preluerar,
800 3105 830 3154 et
855 3108 983 3175 propter
1007 3093 1152 3154 eiusdem
1177 3093 1429 3156 desertacionem
1455 3096 1494 3155 ad
1521 3116 1578 3156 nos
1613 3097 1669 3157 sci·

407 3200 482 3260 licet
514 3200 779 3260 communitatem
813 3213 860 3260 est
891 3199 1054 3276 devoluta,
1088 3219 1184 3280 quarn
1217 3219 1275 3260 nos
1308 3201 1444 3281 provido
1469 3201 1538 3262 viro
1566 3203 1670 3263 Blasio

407 3304 547 3385 agricole
573 3305 715 3366 Wlkech
738 3305 823 3365 dicto
842 3305 1046 3365 inhabitatori
1072 3305 1222 3365 territorii
1241 3305 1324 3366 dicte
1342 3306 1488 3385 civitatis,
1507 3328 1546 3370 ex
1571 3328 1668 3370 censu

408 3423 513 3470 nostre
538 3411 778 3472 communitatis
804 3409 1080 3471 infradeclarando
1106 3409 1210 3470 eidem
1229 3411 1378 3472 dedimus
1402 3426 1433 3472 et
1457 3415 1665 3475 excolendam

408 3531 438 3577 et
461 3517 701 3596 elaborandam,
727 3518 924 3598 quequidem
943 3518 1035 3576 vinea
1055 3518 1149 3576 estin
1176 3517 1339 3579 vicinitate
1364 3519 1508 3581 eiusdem
1534 3522 1669 3582 Wlkecz

407 3624 446 3682 ab
471 3623 594 3684 oriente
620 3637 650 3684 et
675 3623 756 3684 inter
779 3624 905 3684 vineam
934 3624 1018 3684 Luce
1043 3623 1172 3683 sartoris
1193 3623 1310 3700 claudi,
1335 3625 1557 3688 inhabitatoris
1584 3627 1669 3689 dicte

407 3729 554 3805 civitatis,
579 3729 717 3809 desuper
742 3750 759 3789 a
783 3729 1013 3810 septemtrione
1047 3749 1063 3789 a
1089 3729 1141 3790 via
1173 3729 1408 3791 circumvicinis
1434 3747 1464 3792 et
1488 3752 1587 3814 usque
1613 3753 1669 3814 pu·

408 3835 524 3895 blicam
550 3835 633 3894 viam
660 3855 677 3895 a
702 3849 790 3916 parte
817 3835 1019 3895 meridionali
1045 3854 1078 3895 se
1111 3835 1357 3916 protendentem
1383 3852 1413 3898 et
1438 3859 1470 3900 se
1496 3841 1670 3901 extenden-

407 3955 483 4016 tem,
507 3940 561 4000 tali
589 3960 686 4000 censu
711 3940 882 4018 mediante,
908 3940 995 4022 quod
1030 3941 1096 4021 ipse
1123 3939 1246 4002 blasius
1279 3942 1318 4002 de
1340 3943 1451 4003 eadem
1478 3945 1569 4005 vinea
1595 3965 1669 4006 corr·

408 4045 560 4106 dicionali
594 4047 687 4107 nobis
719 4047 840 4107 scilicet
871 4047 1093 4107 communitati
1125 4046 1207 4107 dicte
1240 4047 1376 4109 civitatis
1409 4069 1465 4110 seu
1498 4051 1671 4112 comitibus

408 4153 524 4213 nostris
548 4173 606 4234 pro
631 4167 777 4234 tempore
795 4153 975 4215 constitutis
992 4153 1031 4213 de
1056 4153 1168 4212 eadem
1188 4154 1279 4213 vinea
1306 4167 1377 4214 ante
1403 4155 1669 4218 recolleccionem

407 4278 541 4319 uvarum
567 4259 703 4339 singulis
736 4259 827 4319 annis
858 4260 1058 4338 temporibus
1090 4259 1252 4338 perpetuis
1277 4263 1375 4335 (deest)
1401 4261 1475 4322 dare
1508 4263 1670 4323 tenebitur

408 4377 439 4424 et
462 4365 511 4424 sui
536 4383 732 4425 successores
764 4379 856 4425 erunt
881 4364 1033 4444 obligati,
1058 4364 1107 4424 cui
1133 4364 1205 4424 data
1242 4379 1287 4425 est
1321 4366 1410 4426 litera
1442 4381 1549 4428 nostre
1583 4387 1670 4428 com-

407 4469 572 4530 munitatis
596 4470 816 4550 privilegialis.
