3810 5806
231 776 295 836 nali
319 789 420 852 parte,
445 775 628 836 concivium
660 773 809 834 similiter
841 787 1036 852 nostrorum,
1073 773 1210 856 provido
1242 774 1311 834 viro
1337 771 1500 854 Bollango

231 879 361 963 pellifici
386 879 453 943 filio
478 881 616 942 condam
642 877 830 942 Cristoforis
854 880 893 940 de
920 879 1061 962 Crepina
1085 900 1143 962 pro
1161 879 1231 944 flor.
1256 880 1387 962 trIginta
1412 899 1501 958 uno;

231 987 281 1049 cui
307 987 380 1048 data
406 1001 452 1048 est
479 988 569 1048 litera
595 984 805 1067 privilegialis
828 1005 923 1068 super
955 986 1128 1068 premissis.

338 1094 415 1156 Item
441 1093 530 1176 quod
555 1093 630 1174 quia
656 1093 871 1154 communitas
893 1093 1031 1154 civitatis
1056 1093 1339 1174 Montisgrecensis
1364 1092 1454 1155 dedit
1471 1107 1502 1155 et

232 1200 415 1282 propinavit
440 1201 602 1281 quandam
629 1198 763 1260 domum
796 1217 853 1260 seu
886 1197 1022 1260 fundum
1057 1195 1139 1261 inter
1175 1199 1310 1261 domum
1344 1213 1501 1260 minatam

232 1324 288 1367 seu
315 1305 452 1368 Iundum
476 1306 638 1368 desertum
672 1323 893 1367 successorum
926 1305 1063 1367 condam
1098 1304 1234 1368 Ethardi
1267 1304 1502 1384 Hohenbarter,

232 1415 272 1474 ab
297 1433 371 1490 una,
397 1413 547 1474 videlicet
572 1411 722 1472 orientali
741 1426 841 1494 parte,
866 1426 896 1473 et
916 1413 998 1474 iuter
1022 1413 1155 1473 domum
1173 1431 1230 1473 seu
1255 1410 1390 1472 fundum
1415 1411 1501 1472 simi·

233 1520 305 1581 liter
328 1538 549 1580 suceessorum
575 1519 713 1580 condam
740 1519 882 1601 Philippi
908 1519 1033 1604 Dodey,
1059 1521 1098 1580 ab
1124 1519 1222 1580 altera
1239 1533 1327 1600 parte
1352 1518 1502 1580 videlicet

234 1625 438 1704 occidentali,
463 1645 480 1686 a
506 1639 594 1708 parte
620 1645 697 1686 vero
720 1625 923 1687 meridionali
941 1625 1100 1688 theatrum
1126 1645 1163 1687 ex
1188 1627 1340 1707 opposito
1365 1625 1500 1688 ecclesie

233 1749 339 1796 nostre
364 1736 464 1796 sancti
491 1733 589 1796 Marci
623 1732 840 1813 ewangeliste,
874 1752 969 1794 unam
1004 1733 1161 1813 integram
1194 1733 1327 1810 curiam,
1353 1731 1502 1812 Georgio

236 1841 336 1903 sutori
362 1840 522 1902 Koskoicz
559 1839 656 1916 dicto,
692 1857 728 1900 ac
760 1858 816 1921 per
848 1858 922 1900 eum
950 1839 1016 1900 suis
1048 1838 1239 1915 heredibus;
1273 1839 1323 1900 cui
1361 1838 1433 1900 data
1458 1851 1504 1900 est

236 1946 327 2008 litera
353 1945 569 2028 privilegiales
593 1965 689 2027 super
713 1945 885 2028 premissis.

339 2052 416 2112 Item
443 2051 530 2132 quod
557 2051 632 2132 quia
658 2051 874 2113 communitas
900 2051 1037 2113 civitatis
1055 2051 1339 2132 Montisgrecensis
1368 2051 1457 2113 dedit
1474 2063 1505 2111 et

234 2159 415 2242 propinavit
440 2159 604 2238 quoddam
631 2156 767 2219 fundum
793 2177 930 2218 vacuum
958 2173 990 2218 et
1010 2157 1183 2236 desertum,
1209 2156 1432 2238 hedIficiisque
1450 2176 1503 2238 pe·

235 2265 319 2330 nitus
344 2266 544 2342 destitutum,
570 2265 651 2326 inter
675 2265 809 2325 domum
835 2279 865 2326 et
890 2263 1025 2325 fundum
1059 2265 1118 2325 viri
1144 2263 1269 2346 providi
1295 2264 1425 2325 Andree
1450 2283 1502 2323 su·

233 2373 321 2450 toris,
346 2392 364 2434 a
388 2386 477 2454 parte
502 2371 644 2448 australi,
669 2385 699 2432 et
725 2371 806 2431 inter
831 2371 916 2432 viam
941 2391 996 2432 seu
1021 2365 1169 2432 semitam
1188 2371 1367 2452 pedestrem
1393 2382 1425 2432 et
1449 2369 1503 2430 de·

235 2498 364 2540 cursum
390 2497 473 2558 aque
499 2477 660 2560 pluvialis,
685 2497 702 2538 a
727 2491 816 2559 parte
834 2477 1051 2554 meridionali,
1076 2497 1092 2538 a
1118 2491 1205 2558 parte
1231 2477 1380 2538 orientali
1399 2476 1504 2558 platee

235 2569 437 2662 communes,
462 2605 480 2645 a
505 2599 593 2666 parte
620 2603 695 2645 vero
720 2583 912 2646 occidentali
937 2585 995 2646 sub
1021 2598 1129 2645 monte
1155 2596 1185 2644 et
1210 2581 1329 2644 fossato
1354 2582 1503 2659 civitatis,

234 2707 320 2754 meta
347 2712 404 2774 per
427 2691 580 2771 judicem,
599 2690 784 2772 juratusque
809 2707 935 2752 nostros
952 2704 1016 2752 tam
1042 2675 1216 2751 modernos
1240 2709 1336 2770 quam
1362 2689 1504 2751 seniores

234 2813 264 2862 et
287 2799 371 2860 alios
400 2798 607 2880 quamplures
630 2799 779 2859 concives
804 2810 929 2858 nostros
953 2797 1172 2859 demonstrata
1202 2795 1257 2858 tali
1282 2795 1392 2873 modo,
1416 2793 1503 2877 quod

236 2904 380 2967 Andreas
404 2918 492 2965 sutor
517 2904 683 2966 Chranecz
701 2903 814 2982 dictus,
840 2919 871 2966 et
890 2904 990 2985 ipsius
1010 2902 1144 2966 heredes
1160 2915 1191 2964 et
1214 2921 1413 2965 successores
1431 2901 1504 2962 uni-

235 3013 315 3073 versi
341 3030 451 3073 versus
483 3012 698 3073 monticulum
732 3012 870 3074 civitatis
902 3012 1016 3091 quevis
1048 3008 1196 3072 hedificia
1221 3010 1421 3071 stabulorum
1449 3023 1506 3071 aut

237 3119 400 3179 domicilia
426 3137 597 3200 porcorum
624 3133 654 3180 et
679 3139 736 3180 nec
761 3119 904 3180 cloacam
921 3119 960 3178 sit
984 3137 1080 3180 ausus
1093 3137 1148 3178 seu
1172 3117 1235 3176 sint
1259 3116 1430 3198 disponere
1448 3115 1500 3177 veI

236 3223 406 3286 hedificare
431 3225 530 3286 modo
555 3225 700 3306 aliquali,
724 3227 782 3286 sub
808 3245 890 3307 pena
911 3225 990 3286 alias
1014 3225 1054 3286 de
1079 3224 1147 3304 jure
1172 3237 1333 3301 consveta,
1358 3223 1501 3284 mediam

236 3331 357 3392 curiam
383 3331 415 3390 in
439 3351 471 3391 se
497 3332 728 3407 continentem,
754 3331 854 3391 immo
888 3327 1008 3412 prefata
1040 3329 1256 3392 communitas
1280 3327 1368 3390 dedit
1393 3342 1423 3390 et
1447 3327 1503 3389 do·

237 3436 324 3497 navit
348 3436 434 3497 dicto
459 3437 588 3525 Andree
613 3435 779 3498 Chranecz
804 3437 843 3498 de
870 3437 1023 3512 Kerczki;
1049 3436 1100 3497 cui
1125 3435 1199 3498 data
1224 3449 1269 3496 est
1293 3435 1385 3497 litera
1402 3435 1500 3516 privi-

237 3541 362 3622 legialis
386 3561 481 3624 super
505 3543 679 3624 premissis.

344 3649 422 3710 Item
449 3649 537 3730 quod
562 3651 638 3731 quia
663 3649 797 3733 provida
823 3665 854 3712 et
885 3650 1017 3712 honesta
1052 3650 1170 3711 mulier
1196 3649 1359 3711 Dorothea
1384 3663 1506 3726 vocata,

239 3756 348 3817 relicta
373 3776 450 3817 vero
475 3757 611 3817 condam
638 3757 756 3818 Mathie
780 3757 910 3818 sartoris
934 3757 973 3817 de
1000 3757 1149 3835 Kerczki,
1178 3757 1325 3818 vendidit
1350 3756 1506 3837 quasdam

240 3862 355 3924 domos
379 3883 451 3924 suas
478 3864 560 3924 inter
585 3863 700 3925 domos
731 3878 761 3924 et
793 3863 911 3924 fundos
942 3866 1085 3926 virorum
1120 3865 1342 3947 providorum,
1376 3877 1506 3946 aparte

240 3969 369 4030 australi
395 3969 512 4030 domus
536 3968 691 4030 Iohannis
723 3969 877 4031 institoris
901 3970 994 4034 aliter
1019 3971 1103 4032 Iwan
1139 3970 1226 4048 dicti,
1251 3970 1388 4032 senioris
1412 3969 1505 4050 jurati

241 4090 270 4135 et
294 4075 436 4136 concivis
460 4076 571 4155 nostri,
595 4090 626 4138 et
644 4076 725 4138 inter
743 4076 876 4137 domum
894 4096 951 4138 seu
975 4075 1111 4138 fundum
1128 4095 1348 4138 successorum
1366 4076 1504 4137 condam

245 4181 340 4242 Blasii
365 4182 495 4242 sartoris
520 4179 577 4242 filii
603 4182 739 4244 condam
766 4181 863 4244 Stane
892 4184 932 4244 ab
957 4183 1055 4246 altera
1088 4183 1237 4244 videlicet
1261 4203 1279 4243 a
1303 4182 1507 4243 meridionali

242 4301 341 4369 parte,
366 4288 397 4348 in
423 4301 491 4350 toto
516 4289 655 4350 mediam
681 4288 814 4367 curiam,
839 4289 969 4352 Andree
986 4289 1127 4352 carnifici
1152 4289 1220 4352 filio
1245 4289 1383 4350 condam
1409 4288 1506 4349 Blasii

244 4393 401 4456 Vehmich
426 4393 465 4455 de
501 4395 671 4478 Sthopnilr,
704 4409 738 4457 ut
771 4395 835 4457 iam
868 4415 953 4458 novo
986 4397 1109 4458 concivi
1143 4409 1264 4474 nostro,
1296 4415 1331 4456 ac
1355 4414 1410 4477 per
1434 4413 1508 4455 eum

243 4503 307 4562 suis
331 4501 513 4580 heredibus,
531 4522 589 4584 pro
614 4523 731 4566 novem
749 4502 819 4567 flor.
845 4505 935 4579 auri;
960 4503 1010 4566 cui
1029 4504 1100 4565 data
1119 4517 1166 4566 est
1185 4503 1275 4564 litera
1301 4501 1509 4584 privilegialis

243 4627 338 4691 super
360 4609 531 4689 premissis.

350 4715 427 4777 Item
452 4716 542 4798 quod
566 4717 642 4798 quia
667 4719 766 4798 proba
802 4718 918 4780 mulier
951 4737 1082 4780 consors
1114 4715 1271 4798 legittima
1297 4715 1388 4776 Hans
1412 4712 1507 4775 Ireni·

246 4821 339 4903 paris,
364 4823 506 4884 concivis
530 4823 641 4901 nostri,
667 4823 842 4885 Katherina
865 4825 1008 4902 nomine,
1033 4822 1098 4884 filia
1123 4822 1262 4884 condam
1288 4820 1420 4902 Georgii
1445 4841 1509 4882 sar·

233 4929 331 5008 toris,
355 4943 391 4991 ut
414 4930 481 5012 Ipsa
506 4931 667 5012 quandam
693 4945 807 4992 terram
834 4950 925 4992 suam
944 4929 1098 4992 arabilem
1124 4930 1155 4990 in
1181 4947 1295 5008 campo
1321 4941 1430 4988 nostro
1452 4947 1509 4988 seu

248 5037 384 5100 civitatis
408 5035 540 5121 prefate,
566 5038 647 5100 inter
664 5051 762 5100 terras
785 5025 954 5122 hospitalis
972 5039 1063 5102 beate
1081 5035 1213 5118 virginis
1231 5035 1262 5096 in
1281 5033 1364 5095 dicta
1382 5033 1509 5098 civitate
