3810 5806
782 549 965 610 Inventarr'a.
1453 571 1512 632 149

985 657 1255 664 ———.-..-

357 761 444 840 ltem,
468 762 575 823 casula
601 761 640 823 de
665 761 826 840 cetenin0,
843 781 899 843 per
923 761 1089 823 dominam
1108 765 1251 844 reginam
1275 765 1435 825 seniorem
1455 766 1511 826 do·

252 885 334 947 nata,
359 870 390 930 in
415 867 575 931 aurifrisio
601 869 633 930 in
658 883 750 930 antea
775 883 806 931 et
841 883 925 930 retro
960 869 1092 951 optimis
1124 869 1220 951 perlis
1248 871 1414 948 adornata,
1438 873 1511 933 sub·

251 975 345 1036 ducta
370 960 463 1037 i'riridi
489 975 635 1038 cendato

356 1082 444 1160 ltem,
467 1082 573 1144 casula
598 1083 756 1145 brunatici
781 1083 899 1145 coloris
930 1083 1051 1144 habens
1075 1087 1242 1166 ymagines
1266 1085 1411 1164 leonum,
1435 1083 1511 1165 gril-

251 1187 362 1250 fonum
387 1203 418 1250 et
441 1190 549 1250 avium
567 1208 640 1251 cum
665 1209 743 1251 auro
760 1191 862 1268 textis,
884 1189 1005 1250 babens
1022 1191 1123 1250 eciam
1142 1189 1337 1251 aurifrisium
1363 1191 1403 1252 de
1427 1205 1512 1252 retro

250 1315 323 1356 cum
348 1295 453 1378 perlis,
477 1315 551 1357 eum
575 1296 771 1357 subductura
797 1297 903 1358 blauei
929 1296 1057 1374 coloris,
1083 1311 1114 1356 et
1136 1309 1183 1357 est
1207 1297 1285 1360 sola.

356 1401 443 1481 ltem,
468 1421 531 1463 una
555 1401 661 1464 stricta
685 1417 715 1462 et
737 1401 907 1464 dalmatica
932 1400 1017 1463 flavii
1043 1402 1171 1464 coloris.

355 1507 444 1587 ltem,
469 1508 575 1570 casula
599 1508 671 1570 alba
703 1507 743 1569 de
775 1523 923 1571 exameto
956 1527 1028 1570 cum
1062 1507 1235 1585 aurifrisi0,
1261 1529 1317 1590 per
1341 1509 1510 1571 dominum

249 1616 387 1677 condam
411 1635 527 1698 papam
552 1615 756 1677 Clementem
783 1615 866 1691 data.

356 1723 444 1800 ltem,
469 1722 575 1783 casula
599 1724 697 1783 rubea
721 1722 761 1783 de
785 1722 906 1800 veluto,
931 1720 1052 1784 babens
1080 1719 1276 1784 aurifrisium
1302 1723 1401 1783 latum
1427 1737 1511 1784 retro

251 1845 281 1892 et
308 1843 391 1909 ante,
416 1847 488 1890 cum
514 1848 570 1890 sua
595 1828 764 1890 dalmatica
789 1842 819 1890 et
842 1829 960 1890 stricta.

357 1935 446 2014 Item,
470 1935 531 1996 alia
561 1934 667 1996 casula
700 1936 791 1996 rubei
824 1935 951 2012 coloris,
983 1934 1105 1996 habens
1135 1935 1302 2018 ymagines
1325 1934 1511 2016 griffonum,

250 2044 345 2106 babet
369 2044 470 2105 eciam
494 2041 690 2105 aurifrisium
715 2061 752 2103 ex
777 2055 911 2123 utraque
936 2055 1034 2124 parte.

355 2149 444 2230 Item,
469 2170 531 2212 una
556 2150 727 2211 dalmatica
744 2148 856 2210 viridis
880 2149 1007 2227 coloris,
1025 2149 1146 2210 babens
1163 2148 1317 2230 quasdam
1344 2149 1510 2230 ymagines

250 2257 476 2340 episcoporum
509 2258 541 2318 in
576 2271 664 2340 parte
697 2255 839 2318 inferiori
873 2275 945 2318 cum
976 2255 1190 2337 subscriptore
1224 2255 1427 2338 propriorum
1454 2275 1510 2316 no·

250 2363 385 2426 minum.

353 2469 442 2548 ltem,
466 2469 528 2531 alia
552 2469 722 2531 dalmatica
747 2469 786 2530 de
810 2489 918 2552 panno
937 2469 1047 2546 ruben,
1072 2468 1193 2529 sericeo
1218 2481 1344 2528 etcum
1368 2467 1509 2530 subduc·

248 2591 317 2638 tura
341 2577 381 2638 de
404 2579 504 2639 rubeo
527 2576 673 2655 cendato,
698 2577 818 2638 babens
841 2580 1008 2661 ymagines
1043 2575 1238 2656 aquillarum
1266 2574 1306 2636 de
1330 2594 1409 2636 auro
1434 2595 1509 2636 con-

248 2683 349 2760 textis,
374 2683 470 2744 habet
494 2683 595 2745 eciam
622 2684 652 2744 in
678 2697 767 2766 parte
791 2682 945 2744 anteriori
976 2680 1172 2742 aurifrisium
1205 2700 1278 2742 cum
1303 2681 1401 2762 perlis
1425 2681 1510 2743 ordi-

248 2803 369 2852 natum.

353 2893 442 2972 ltem,
467 2895 529 2956 alia
546 2895 718 2956 dalmatica
743 2895 774 2956 in
794 2915 902 2976 panno
919 2914 1028 2972 aureo,
1046 2895 1168 2956 habens
1185 2895 1216 2955 in
1242 2895 1358 2976 parwis
1383 2894 1511 2956 circulis

246 3001 380 3082 singulis
405 3001 486 3063 duos
508 3001 660 3083 griffones
684 3001 793 3064 subtili
818 3021 914 3083 opere
939 3001 1102 3064 conlectos
1127 3017 1157 3063 et
1182 3021 1260 3064 auro
1284 3015 1461 3064 contextos.

353 3109 441 3188 ltem,
466 3109 528 3170 alia
554 3109 724 3170 dalmatica
750 3111 781 3170 in
807 3111 907 3171 rubeo
926 3129 1004 3171 auro
1023 3123 1180 3188 contexta,
1205 3110 1373 3171 continens
1397 3110 1429 3170 in
1446 3110 1510 3171 sin·

150 3271 153 3276 .
245 3215 331 3295 gulis
355 3216 483 3277 circulis
506 3216 582 3276 satis
607 3216 731 3295 magnis
748 3216 892 3296 singulos
916 3217 998 3278 duos
1022 3216 1142 3294 leones,
1160 3236 1224 3297 que
1250 3216 1345 3277 habet
1369 3216 1509 3278 strictam

246 3341 336 3383 suam
362 3323 392 3383 in
417 3323 525 3384 colore
548 3322 750 3400 dissimilem,
783 3323 932 3384 videlicet
966 3325 1078 3384 brunei
1112 3323 1240 3400 coloris,
1272 3323 1395 3384 habens
1419 3317 1511 3404 quasi

247 3429 278 3489 in
304 3429 465 3490 similibus
497 3429 623 3490 circulis
655 3430 821 3510 ymagines
853 3428 989 3489 duarum
1022 3430 1130 3490 avium
1166 3447 1356 3510 parvarum,
1390 3429 1511 3510 absque

246 3535 453 3598 subductura.
479 3539 531 3616 (In
555 3541 706 3610 rnargr‘ne:
730 3536 802 3597 date
819 3551 893 3596 sunt
918 3535 947 3596 in
974 3549 1042 3596 toto
1059 3549 1198 3616 quatuor
1222 3534 1391 3596 dalmatice
1410 3536 1510 3597 Kelek

247 3642 286 3703 ad
312 3642 551 3725 reparandum.)
1446 3624 1450 3632 Ι

354 3749 442 3828 ltem,
466 3750 528 3810 alia
553 3749 724 3810 dalmatica
750 3763 780 3812 et
804 3749 909 3810 stricta
942 3748 1099 3810 brunatici
1132 3749 1250 3810 coloris
1274 3767 1332 3830 pro
1357 3749 1510 3831 episcopo

247 3853 404 3915 ordinata.

353 3961 441 4040 ltem,
467 3981 529 4022 una
555 3961 724 4023 dalmatica
750 3975 780 4022 et
803 3963 909 4023 stricta
935 3961 1037 4022 crocei
1067 3961 1195 4037 coloris,
1220 3962 1295 4022 satis
1320 3962 1508 4023 inveterata.

353 4067 441 4146 ltem,
466 4069 572 4129 casula
596 4069 668 4128 alba
693 4068 732 4128 de
750 4087 891 4150 purpure
908 4088 981 4129 eum
1000 4068 1170 4129 dalmatica
1200 4083 1230 4128 et
1247 4068 1364 4146 stricta,
1390 4067 1511 4129 habens

247 4174 413 4255 ymagines
437 4174 611 4255 pardorum
635 4193 714 4234 auro
731 4187 902 4252 textorum,
925 4174 1045 4235 habens
1063 4188 1147 4234 retro
1173 4171 1369 4234 aurifrisium
1388 4175 1509 4235 bonum

247 4280 278 4341 in
304 4279 438 4341 modum
463 4281 575 4358 crucis,
601 4281 631 4341 in
658 4301 723 4361 quo
748 4279 810 4341 due
835 4295 909 4342 sunt
941 4280 1119 4362 ymagines,
1152 4300 1214 4340 una
1239 4281 1391 4341 videlicet
1416 4282 1507 4341 beate

248 4387 379 4466 virginis
403 4401 432 4448 et
457 4387 519 4448 alia
543 4387 642 4446 sancti
669 4385 823 4468 Stephani
848 4387 941 4467 regis.
962 4387 1008 4446 Ex
1033 4401 1121 4467 parte
1146 4401 1253 4448 autem
1277 4387 1428 4448 anteriori
1455 4387 1508 4448 ha·

248 4494 325 4554 bens
350 4493 437 4554 aliud
463 4491 658 4553 aurifrisium
677 4512 750 4553 cum
768 4493 881 4553 litteris
899 4493 1003 4553 aureis
1033 4493 1063 4552 in
1083 4491 1216 4553 modum
1234 4492 1336 4553 crucis
1360 4506 1391 4552 et
1408 4492 1510 4552 tribus

248 4599 471 4683 ymaginibus:
498 4617 560 4659 una
586 4599 772 4676 Salvatoris,
797 4599 858 4660 alia
892 4598 1087 4680 archangeli,
1119 4599 1216 4659 tercia
1249 4599 1341 4659 beate
1366 4599 1510 4678 virginis,

248 4726 326 4767 auro
350 4719 524 4784 contextas,
547 4725 609 4786 que
635 4705 740 4766 casula
770 4719 816 4767 est
842 4725 914 4766 cum
939 4705 1074 4767 sindone
1106 4705 1181 4766 albo
1213 4719 1244 4766 et
1278 4705 1447 4769 dalmatica
1480 4719 1510 4766 et

248 4814 353 4874 stricta
378 4813 535 4874 subducte
559 4833 632 4873 curn
658 4812 795 4873 cendato
819 4812 971 4873 violatico
996 4813 1115 4873 colore,

353 4919 442 4998 ltem,
468 4919 573 4980 casula
600 4919 638 4979 de
664 4918 773 4980 veluto
797 4919 883 4994 albu,
917 4917 1053 5000 figurato
1079 4938 1149 4980 cum
1185 4917 1317 4978 floribus
1343 4916 1509 4995 viridibus,

250 5025 347 5105 nigris
371 5041 401 5087 et
424 5025 541 5103 rubeis,
566 5045 638 5087 cum
665 5045 756 5087 cruce
781 5041 866 5088 retro
894 5025 1084 5102 aurifrisata,
1119 5044 1191 5086 eum
1224 5025 1429 5106 ymaginibus
1454 5025 1505 5085 dei
