3840 5800
397 591 460 652 324
941 577 1090 637 Rationes.

499 783 578 850 Item
603 789 754 869 magister
779 789 963 850 ieronimus
994 808 1059 850 non
1092 790 1172 850 dixit
1202 791 1331 850 missam
1357 788 1436 852 feria
1460 791 1555 852 tercia
1581 805 1657 852 ante

395 894 510 957 festum
535 897 618 958 beati
645 897 891 978 Augustini...
919 892 1025 978 (solid.
1049 893 1157 960 XXV
1175 893 1293 979 solvit).

498 999 578 1066 Item
605 1004 755 1084 magister
779 1005 942 1066 iohannes
967 1003 1110 1066 Bradach
1135 1023 1201 1066 non
1226 1005 1307 1068 dixit
1334 1005 1413 1066 duas
1438 1005 1548 1066 missas
1572 1001 1655 1066 iufra

395 1110 591 1172 dominicam
617 1125 689 1172 ante
708 1109 823 1172 festum
832 1096 925 1173 *beati
945 1111 1117 1192 Augustini
1143 1084 1177 1173 ei
1191 1111 1223 1172 iu
1241 1127 1335 1174 cantu
1361 1114 1454 1174 misse
1481 1132 1537 1194 per
1552 1126 1654 1175 totam

394 1215 608 1278 ebdomadam
634 1215 708 1279 fecit
732 1217 1046 1299 negligenciam...
1070 1213 1175 1295 (solid.
1200 1215 1307 1280 XXV
1327 1216 1443 1301 soleii).

498 1320 578 1386 Item
604 1323 755 1386 dominus
779 1323 1034 1408 archydiaconus
1057 1323 1178 1386 Waslra
1208 1344 1271 1386 non
1297 1324 1358 1386 fuit
1381 1327 1414 1388 iu
1438 1339 1534 1388 cantu
1558 1326 1654 1388 misse

394 1429 471 1491 feria
495 1430 606 1511 quinta
631 1444 703 1512 post
726 1429 841 1494 festum
873 1431 958 1492 beati
983 1431 1146 1514 Lamperti
1164 1480 1172 1494 .
1190 1481 1220 1494 ..
1246 1429 1376 1514 (solvit).

499 1535 577 1600 item
602 1539 753 1619 magister
776 1539 967 1601 Ambrosius
989 1539 1097 1600 senior
1120 1558 1186 1601 non
1205 1538 1265 1602 fuit
1289 1539 1321 1602 in
1346 1553 1440 1601 cautu
1465 1539 1558 1601 misse
1576 1537 1653 1600 feria

395 1645 493 1706 tercia
518 1657 592 1706 ante
615 1643 730 1706 festum
757 1645 839 1706 beati
866 1643 1002 1708 Gerardi
1035 1645 1246 1708 martiris...
1270 1642 1400 1727 (solvit).

499 1747 578 1812 Item
605 1752 755 1832 magister
780 1751 898 1813 Paulus
923 1769 988 1814 non
1020 1749 1083 1814 fuit
1106 1753 1138 1813 in
1164 1769 1258 1814 cautu
1285 1755 1379 1814 misse
1405 1752 1438 1814 in
1463 1750 1543 1813 festo
1568 1751 1652 1812 beati

395 1858 514 1920 Mathei
539 1859 676 1940 apostoli
700 1871 732 1919 et
755 1859 1034 1941 euvangeliste...
1058 1856 1189 1942 (solvit).

385 1975 388 1982 '
498 1963 658 2024 Dominus
681 1964 818 2025 Warasd
844 1984 909 2048 non
928 1965 1008 2027 dixit
1032 1967 1159 2026 missam
1185 1964 1260 2028 feria
1285 1965 1380 2026 tercia
1407 1966 1438 2026 in
1463 1963 1543 2026 festo
1568 1963 1653 2024 beati

394 2070 511 2131 Juliani
537 2071 679 2152 episcopi
704 2069 968 2134 confessoris...
992 2069 1064 2154 (sol.
1089 2068 1238 2135 XXXII
1257 2068 1374 2153 soleii).

499 2177 630 2238 Domini
663 2178 806 2258 magistri
839 2179 987 2241 Mothous
1018 2179 1161 2240 notarius
1196 2193 1227 2240 et
1262 2177 1446 2240 Anthonius
1471 2177 1652 2257 Kwthonya

394 2282 604 2362 neglexerunt
628 2283 659 2343 in
684 2298 778 2345 cantu
805 2284 934 2346 missam
968 2285 1067 2346 sancti
1101 2283 1255 2366 Stephani
1279 2283 1439 2366 regis...
1466 2279 1570 2364 (solid.
1594 2278 1652 2363 X).

498 2385 578 2450 Item
602 2389 642 2450 ad
666 2390 828 2451 racionem
862 2389 987 2452 domini
1011 2390 1168 2452 Jeronimi
1199 2389 1273 2452 dedi
1304 2391 1439 2452 domino
1465 2390 1557 2451 Petro
1584 2409 1651 2469 pre-

383 2495 548 2557 ·hendario
573 2515 632 2577 pro
656 2497 825 2559 missa...
849 2497 908 2558 sol.
933 2494 986 2560 VI.

497 2599 577 2664 Item
611 2603 651 2663 ad
686 2604 848 2664 racionem
885 2604 1010 2664 domini
1046 2604 1201 2666 iohannis
1236 2603 1377 2666 Bradach
1411 2603 1485 2664 dedi
1518 2601 1652 2664 domino

394 2707 633 2787 Bartholomeo‚
658 2709 781 2790 primo:
814 2728 872 2791 pro
906 2709 1010 2770 missis
1044 2709 1245 2772 duabus.·..
1276 2709 1332 2772 sol.
1359 2705 1443 2788 xli,
1475 2721 1651 2790 procantu

392 2814 515 2874 dierum
541 2815 711 2878 trium...
734 2816 793 2878 sol.
817 2811 873 2879 VI.

1009 2981 1035 3039 5.

496 3101 592 3158 Anno
618 3098 748 3160 Domini
778 3117 869 3182 ¹509·
894 3101 1019 3163 Fratres
1035 3103 1200 3164 Heremite
1219 3103 1251 3164 in
1277 3104 1415 3165 claustro
1440 3105 1532 3165 beate
1551 3103 1650 3164 Marie

391 3201 523 3282 virginis
543 3223 637 3284 supra
670 3206 859 3286 Zagrabiam
893 3223 1130 3270 commorantes
1161 3229 1219 3292 pro
1250 3211 1476 3291 recognicione
1513 3209 1649 3271 dominii

392 3305 511 3388 (Capit.
536 3311 673 3392 zagrab.)
688 3331 745 3393 pro
769 3333 854 3373 anno
869 3316 1044 3396 prescripto
1068 3316 1233 3378 solverunt
1256 3317 1378 3378 solidos
1401 3318 1530 3398 triginta
1556 3317 1648 3378 duos.

497 3417 593 3476 Anno
619 3416 750 3478 Domini
775 3419 949 3481 millesimo
968 3422 1228 3503 quingentesimo
1253 3423 1390 3502 decimo,
1415 3421 1524 3485 fratres
1550 3423 1650 3484 Here·

393 3521 468 3581 mite
494 3521 525 3580 in
550 3522 687 3584 claustro
705 3525 795 3585 beate
821 3526 920 3586 Marie
942 3527 1074 3608 virginis
1090 3549 1184 3610 supra
1203 3529 1391 3610 Zagrabiam
1410 3544 1648 3590 commorantes

392 3645 449 3708 pro
474 3629 697 3708 recognitione
722 3630 858 3693 dominii
884 3633 1000 3716 (Capit.
1025 3637 1164 3715 zagrab.)
1189 3655 1246 3717 pro
1271 3655 1356 3698 anno
1385 3636 1559 3717 prescripto
1583 3635 1648 3696 sol·

391 3747 505 3794 verunt
528 3735 649 3796 solidos
666 3738 794 3818 triginta
820 3739 910 3803 duos.
