3810 5806
400 601 440 662 66
926 599 1011 656 Anno
1033 592 1130 675 1482.

399 813 542 896 partibus
579 810 719 873 habitam
754 823 785 871 et
816 809 1015 887 existentem,
1048 827 1145 890 quam
1183 809 1250 890 ipse
1281 808 1472 870 Valentinus
1495 828 1554 890 pro
1578 821 1663 870 certa

400 937 525 979 summa
550 918 685 999 pecunie
710 915 824 976 emisse
850 927 1091 996 comparaverat
1115 928 1146 976 et
1166 915 1217 976 cui
1242 914 1282 976 de
1307 934 1393 976 novo
1419 916 1509 977 litere
1534 914 1663 997 privile·
1738 997 1742 1004 ἡ

398 1023 500 1105 giales
522 1042 618 1105 super
641 1021 777 1083 eandem
802 1021 929 1082 vineam
956 1019 1028 1080 date
1053 1034 1137 1083 sunt.

506 1129 604 1203 Quod
629 1129 704 1210 quia
729 1129 777 1189 vir
801 1126 955 1208 providus
988 1140 1018 1188 et
1052 1126 1206 1189 honestus
1238 1128 1435 1189 Laurencius
1457 1128 1535 1189 alias
1558 1128 1666 1190 senior

401 1235 497 1318 judex
522 1249 552 1297 et
577 1235 718 1297 concivis
744 1247 851 1296 noster
868 1232 969 1295 fassus
986 1247 1042 1313 est,
1067 1234 1155 1315 quod
1174 1233 1204 1294 in
1230 1253 1315 1295 anno
1333 1234 1466 1297 Domini
1491 1235 1665 1296 millesimo

401 1342 719 1424 quadringentesimo
732 1341 952 1422 octuagesimo
968 1341 1092 1421 quinto,
1105 1353 1250 1422 tempore
1264 1340 1415 1403 videlicet
1437 1340 1595 1422 judicatus
1606 1341 1665 1418 rui,

402 1470 457 1533 per
481 1450 649 1532 providam
675 1461 706 1511 et
730 1448 897 1510 honestam
922 1447 1087 1509 dominam
1115 1446 1324 1510 Katherinam
1355 1447 1499 1510 relictam
1524 1449 1661 1510 condam

402 1554 522 1616 Mathie
535 1553 592 1616 filii
611 1554 779 1632 Lodouici,
789 1555 820 1615 in
839 1553 1002 1635 presencia
1014 1553 1156 1614 eiusdem
1170 1554 1337 1614 Laurentii
1347 1567 1424 1616 tunc
1438 1553 1553 1635 judicis
1566 1552 1663 1615 fassio

401 1661 580 1743 subscripta
612 1659 693 1722 facta
726 1660 878 1722 extitisset
910 1660 966 1722 tali
998 1660 1115 1722 modo:
1148 1660 1315 1741 quomodo
1348 1660 1414 1742 ipsa
1448 1661 1599 1722 directam
1632 1673 1664 1722 et

401 1767 549 1850 equalem
568 1767 774 1828 medietatem
791 1765 918 1848 pallacii
936 1786 993 1827 seu
1010 1766 1126 1827 domus
1142 1785 1198 1828 sue
1215 1766 1311 1828 simul
1330 1785 1403 1828 cum
1422 1763 1525 1829 fundo
1550 1780 1582 1827 et
1595 1765 1665 1827 edi-

403 1873 481 1935 ficiis
504 1873 544 1934 ad
570 1872 655 1934 idem
681 1872 887 1934 medietatem
912 1871 1039 1954 pallacii
1064 1891 1120 1934 seu
1144 1872 1184 1934 ad
1210 1872 1310 1954 ipsam
1335 1871 1470 1933 domum
1504 1885 1665 1934 muratam

403 1981 601 2062 pertinentis,
626 1981 759 2041 indicta
784 1979 922 2057 civitate,
948 1979 1136 2042 interaliam
1168 1979 1373 2041 medietatem
1405 1979 1505 2060 ipsius
1539 1979 1664 2060 pallacii

402 2107 458 2148 seu
476 2087 591 2148 domus
616 2099 739 2149 murate
757 2085 883 2168 providi
909 2099 939 2147 et
956 2086 1080 2148 honesti
1096 2085 1227 2166 Georgii
1245 2084 1302 2146 filii
1326 2085 1507 2168 Vythltonis
1528 2085 1666 2146 senioris

404 2193 520 2274 judicis
545 2207 575 2254 et
600 2193 743 2254 concivis
767 2192 877 2270 nostri,
902 2194 942 2253 ab
959 2191 1107 2254 orientali
1127 2206 1224 2274 parte,
1250 2206 1280 2254 et
1298 2193 1379 2253 inter
1396 2191 1491 2252 aliam
1517 2190 1667 2252 similiter

403 2300 538 2361 domum
556 2299 696 2380 ligneam
721 2312 752 2360 et
776 2297 912 2359 fundum
930 2297 993 2379 jam
1011 2299 1043 2358 in
1058 2297 1193 2359 fundum
1213 2298 1373 2360 redactam
1389 2299 1537 2359 similiter
1553 2295 1664 2380 prelati

405 2406 537 2488 Georgii
555 2405 737 2489 Vythltoich
755 2407 843 2484 dicti,
868 2408 907 2466 ab
925 2407 1091 2468 occidente
1110 2405 1250 2468 habitam
1276 2423 1306 2466 et
1326 2407 1430 2484 sitam,
1456 2421 1486 2466 et
1511 2407 1666 2467 intersta-

405 2513 517 2574 bulum
536 2513 634 2594 vulgo
651 2513 728 2574 stala
753 2527 900 2573 vocatum
927 2511 1039 2595 prelati
1064 2513 1211 2574 similiter
1228 2512 1361 2594 Georgii
1385 2513 1584 2596 Wythltoich
1612 2533 1667 2594 per

405 2620 510 2702 ipsum
529 2639 586 2701 pro
604 2619 797 2680 animalibus
813 2619 878 2679 suis
895 2619 1090 2697 ordinatum,
1109 2635 1138 2680 et
1156 2620 1237 2681 inter
1261 2621 1404 2702 spacium
1423 2633 1505 2682 terre
1530 2639 1665 2681 vacuum

404 2740 478 2788 ante
496 2726 580 2786 idem
594 2725 755 2786 stabulum
772 2726 857 2786 iuxta
872 2725 1057 2806 porcionem
1073 2725 1250 2786 latitudinis
1262 2727 1360 2808 ipsius
1377 2725 1493 2788 stabuli
1512 2739 1665 2807 quantam

405 2831 608 2892 latitudinem
635 2831 738 2911 ipsum
757 2830 919 2892 stabulum
936 2844 1072 2913 occupat
1092 2852 1124 2892 se
1143 2832 1318 2894 extendens
1342 2833 1400 2914 ipsi
1425 2833 1552 2894 stabulo
1570 2831 1665 2913 perti·

406 2937 520 3014 nentis,
535 2957 551 2996 a
565 2949 652 3018 parte
667 2935 869 2997 meridionali
892 2935 1048 3014 habitum,
1062 2957 1097 2998 ac
1115 2937 1196 2998 inter
1214 2939 1348 2998 domum
1373 2951 1528 2999 muratam
1547 2952 1579 3000 et
1595 2937 1665 2999 fun-

407 3044 484 3106 dum
508 3061 729 3103 successorum
754 3043 891 3104 condam
919 3043 1003 3104 Luce
1037 3041 1195 3124 pellificis,
1220 3065 1236 3104 a
1262 3059 1350 3125 parte
1376 3043 1552 3105 occidentis
1576 3043 1666 3105 habi·

404 3163 482 3226 tam,
507 3169 542 3210 ac
568 3148 649 3209 inter
672 3148 756 3208 viam
781 3168 836 3210 seu
861 3149 1000 3229 plateam
1025 3168 1233 3211 communem
1257 3170 1274 3210 a
1299 3150 1553 3234 septemtrionali
1578 3165 1665 3232 parte

406 3257 498 3317 sitam
531 3268 561 3316 et
592 3255 791 3333 existentem,
824 3270 962 3336 quatuor
993 3255 1143 3317 videlicet
1176 3271 1304 3338 quartas
1336 3271 1366 3319 et
1398 3276 1496 3318 unam
1520 3271 1666 3318 octavam

407 3362 493 3422 curie
517 3361 556 3420 ad
582 3380 673 3421 usum
693 3361 829 3422 civitatis
854 3360 974 3442 prefate
993 3362 1025 3422 in
1043 3382 1076 3423 se
1094 3363 1325 3442 continentem,
1342 3362 1483 3444 prelatus
1508 3362 1666 3444 Georgius

407 3466 603 3551 Wythltoich
629 3469 668 3528 ab
685 3467 797 3527 eadem
822 3466 951 3528 domina
973 3467 1144 3529 Katherina
1167 3469 1388 3551 producentis
1411 3469 1480 3532 flor.
1506 3470 1573 3530 auri
1590 3471 1668 3531 emit

407 3588 438 3636 et
459 3573 672 3655 comparavit;
698 3573 748 3633 cui
774 3572 845 3634 data
871 3588 917 3634 est
940 3573 1030 3634 litera
1056 3575 1274 3656 privilegialis.

515 3679 612 3752 Quod
637 3679 712 3760 quia
736 3681 835 3759 proba
862 3693 892 3741 et
917 3679 1048 3741 honesta
1082 3680 1213 3742 domina
1242 3682 1415 3745 Katherina
1440 3681 1505 3744 filia
1530 3683 1665 3745 condam

409 3786 561 3868 Stephani
580 3787 743 3865 institoris,
768 3787 846 3848 olim
866 3788 1007 3848 concivis
1024 3789 1134 3866 nostri,
1152 3809 1240 3849 nunc
1263 3809 1338 3851 vero
1356 3809 1487 3851 consors
1511 3789 1667 3871 legittima

409 3892 528 3954 nobilis
555 3892 747 3953 Balthasaris
772 3892 810 3953 de
837 3893 930 3974 Alap,
955 3913 1052 3954 omne
1076 3914 1158 3955 onus
1183 3907 1214 3956 et
1229 3915 1402 3975 gravamen
1428 3895 1583 3957 iohannis
1607 3895 1667 3956 lra-

408 3999 465 4060 tris
489 3999 537 4058 sui
563 3999 698 4060 carnalis
722 3999 753 4059 in
779 4000 937 4081 inscriptis
968 3999 1101 4061 firmiter
1132 4001 1339 4082 persistentis,
1372 4002 1404 4063 in
1429 4023 1461 4063 se
1488 4003 1588 4084 ipsam
1613 4021 1668 4084 per

408 4105 516 4165 omnia
542 4125 716 4182 assumens,
742 4105 903 4185 quandam
922 4106 1055 4167 domum
1073 4125 1163 4168 suam
1181 4123 1338 4170 muratam
1356 4108 1452 4170 simul
1476 4129 1550 4170 cum
1567 4107 1668 4169 fundo

409 4225 439 4272 et
462 4211 580 4271 celario
597 4213 806 4272 subterraneo
823 4212 969 4273 similiter
986 4227 1122 4291 murato,
1137 4212 1270 4276 edificiis
1286 4215 1401 4297 ligneis
1418 4216 1668 4298 circumquaque

409 4317 592 4378 destitutam
618 4337 653 4378 ac
688 4318 719 4378 in
753 4331 873 4380 tectura
906 4320 1088 4398 ruinosam,
1122 4320 1203 4382 inter
1236 4321 1369 4382 domum
1394 4335 1425 4384 et
1448 4321 1585 4384 fundum
1609 4322 1668 4383 viri

407 4423 553 4484 similiter
577 4423 701 4504 providi
729 4439 759 4485 et
782 4423 907 4486 honesti
932 4425 1095 4487 Valentini
1120 4428 1237 4489 sutoris
1254 4427 1401 4506 moderni
1419 4428 1511 4509 jurati
1537 4443 1568 4491 et
1593 4450 1667 4491 con·

408 4529 486 4590 civis
511 4529 621 4607 nostri,
645 4529 829 4612 supradicti,
855 4551 871 4590 a
897 4531 1087 4611 meridione,
1112 4553 1147 4594 ac
1171 4533 1252 4594 inter
1275 4533 1354 4595 duas
1377 4535 1499 4616 plateas
1522 4556 1578 4598 seu
1602 4537 1669 4597 vias

408 4655 607 4713 communes,
633 4655 729 4697 unam
754 4657 770 4697 a
796 4637 1023 4718 septemtrione
1050 4653 1080 4699 et
1104 4640 1202 4700 aliam
1226 4641 1265 4700 ab
1291 4640 1425 4719 oriente,
1450 4655 1481 4703 et
1506 4642 1588 4704 inter
1613 4643 1669 4703 do·

409 4760 497 4801 mum
515 4739 669 4803 heredum
687 4762 742 4802 seu
767 4761 985 4804 successorum
1009 4744 1145 4805 condam
1165 4745 1326 4807 Valentini
1345 4745 1510 4828 Saronych
1528 4745 1669 4808 habitam

408 4861 439 4908 et
463 4847 661 4926 existentem,
686 4869 782 4908 unam
808 4849 964 4929 integram
989 4851 1110 4912 curiam
1145 4853 1175 4911 in
1201 4871 1234 4911 se
1259 4853 1490 4930 continentem,
1519 4854 1669 4934 prudenti

410 4955 560 5033 magistro
586 4955 685 5016 Paulo
712 4956 835 5017 notario
859 4956 898 5016 de
925 4955 1062 5018 Chasma
1089 4977 1145 5039 pro
1173 4959 1409 5039 quinquaginta
1434 4959 1503 5021 flor.
1527 4961 1671 5021 vendidit

408 5075 562 5146 perpetuo
576 5061 821 5144 possidendam
839 5063 967 5126 tandem
987 5083 1062 5126 vero
1081 5065 1147 5148 ipse
1167 5066 1316 5148 magister
1334 5066 1451 5128 Paulus
1463 5067 1669 5130 medietatem
