3842 5802
805 565 892 624 Anno
916 572 1004 641 1472.
1519 582 1537 644 9

278 775 439 857 Georgius
463 795 521 858 pro
546 789 685 856 quatuor
698 773 767 837 flor.
785 776 865 853 auri,
882 788 1048 854 tamquam
1067 772 1227 854 propriori
1244 772 1351 834 vicino
1376 773 1540 850 vendidit;

276 884 349 944 ideo
375 883 447 944 data
480 896 528 944 est
560 882 665 942 eidem
700 881 790 943 litera
823 883 882 942 sub
916 879 1024 961 sigillo
1060 879 1143 940 dicte
1175 881 1415 942 communitatis
1439 894 1469 942 et
1494 894 1541 942 est

275 1003 432 1052 emanata.

384 1094 483 1168 Quod
507 1094 583 1176 quia
601 1093 755 1156 discretus
771 1093 819 1154 vir
836 1093 988 1155 dominus
1002 1093 1124 1175 Symon
1136 1093 1292 1176 presbiter
1315 1092 1400 1154 filius
1424 1093 1540 1155 Valen-

274 1200 331 1261 tini
357 1199 572 1282 Sesthachych
598 1199 673 1260 dicti
700 1199 739 1260 de
772 1199 916 1276 Roicha,
949 1199 1028 1260 alias
1062 1200 1249 1280 capellanus
1274 1199 1407 1261 ecclesie
1433 1212 1540 1260 nostre

274 1306 373 1366 sancti
400 1305 497 1366 Marci
523 1304 740 1386 ewangeliste,
764 1303 911 1366 vendidit
935 1303 1088 1364 directam
1114 1318 1144 1366 et
1161 1305 1309 1386 equalem
1334 1305 1538 1367 medietatem

274 1409 441 1472 cuiusdam
465 1411 559 1471 vinee
584 1429 639 1472 sue
664 1410 696 1471 in
720 1409 882 1471 territorio
915 1409 997 1470 dicte
1030 1409 1169 1471 civitatis
1200 1429 1298 1491 penes
1322 1411 1449 1470 vineam
1474 1414 1540 1471 An·

274 1516 376 1579 thonii
401 1517 518 1579 sutoris
541 1516 650 1598 generi
676 1515 813 1577 condam
841 1515 1001 1576 Dominici
1021 1515 1134 1575 Kostes
1162 1515 1238 1577 dicti
1257 1515 1335 1576 olim
1353 1517 1431 1576 civis
1455 1515 1539 1577 dicte

274 1623 422 1702 civitatis,
454 1642 472 1683 a
504 1621 733 1702 septemtrione
767 1615 927 1699 habitam,
959 1621 1051 1681 cuius
1084 1621 1176 1682 vinee
1209 1621 1305 1682 aliam
1335 1621 1539 1682 medietatem

274 1728 442 1811 Philippus
466 1741 555 1791 sutor
579 1727 698 1810 Dudey
724 1727 837 1805 dictus,
871 1729 911 1788 ab
944 1727 1058 1788 eodem
1092 1727 1226 1788 domino
1252 1725 1395 1808 Symone
1419 1725 1536 1808 presbi-

273 1847 342 1895 tero
367 1833 546 1916 emptionis
569 1833 666 1896 titulo
691 1833 865 1894 literatorie
900 1833 979 1894 alter
1005 1832 1129 1894 vicinus
1163 1832 1341 1893 dinoscitur
1364 1831 1540 1914 possidere,

274 1939 381 2001 eidem
406 1939 573 2001 Anthonio
596 1939 695 2000 sutori
722 1939 881 2024 Kustesyn
907 1939 1053 2001 vendidit
1076 1959 1135 2020 pro
1163 1940 1264 2000 tribus
1289 1937 1358 2000 flor.
1384 1937 1464 2016 auri,
1488 1938 1539 1999 cui

274 2048 347 2108 data
372 2061 420 2108 est
444 2047 535 2108 litera
560 2046 771 2128 privilegialis
795 2049 854 2107 sub
879 2046 985 2127 sigillo
1011 2045 1094 2106 dicte
1120 2045 1370 2106 communitatis.

381 2153 479 2226 Quod
505 2153 580 2235 quia
606 2152 664 2214 viri
697 2152 824 2234 providi
857 2167 887 2212 et
921 2151 1162 2234 circumspecti,
1196 2151 1355 2234 primum:
1380 2149 1541 2212 Johannes

275 2259 393 2320 Bolsak
417 2257 503 2319 lilius
527 2258 664 2337 Nicolai,
690 2259 722 2318 in
740 2277 857 2319 novem
883 2272 914 2318 et
938 2257 1047 2318 medio
1065 2255 1134 2320 flor.
1152 2257 1233 2335 auri,
1251 2277 1286 2318 ac
1304 2257 1429 2318 Blasius
1446 2257 1538 2339 Ztoy-

274 2363 403 2447 mylych
436 2364 541 2425 dictus
574 2365 605 2425 in
642 2363 886 2445 quatuordecim
924 2361 1022 2426 luntis
1054 2363 1260 2426 denariorum
1293 2363 1540 2442 wiennensium,

274 2470 416 2531 seniores
435 2469 586 2532 videlicet
602 2468 723 2550 judices
739 2483 770 2531 et
787 2470 936 2530 concives
952 2471 1062 2549 nostri,
1082 2470 1186 2531 virum
1204 2470 1341 2531 condam
1366 2469 1539 2552 providum

274 2588 304 2636 et
319 2575 489 2637 honesturn
509 2575 700 2637 Michaelem
727 2575 987 2637 Mothonhawser
1004 2574 1107 2637 filium
1129 2576 1226 2637 Vlrici
1245 2575 1284 2637 de
1309 2575 1432 2654 Walse,
1457 2575 1536 2637 olim

275 2682 441 2744 concivem
466 2695 623 2759 nostrum,
648 2683 679 2742 in
704 2681 779 2743 sede
811 2695 919 2742 nostra
951 2681 1117 2762 judiciaria
1150 2702 1186 2744 ac
1214 2681 1404 2762 juramentis
1427 2701 1540 2742 eorum

276 2787 493 2848 mediantibus
517 2787 562 2848 eis
586 2807 643 2868 per
667 2807 724 2848 nos
749 2787 940 2869 adjudicatis
964 2803 995 2850 et
1019 2808 1075 2871 per
1100 2808 1155 2850 eos
1179 2790 1333 2870 prestitis,
1358 2789 1537 2850 debitorem

277 2895 420 2976 ipsorum
444 2891 639 2955 sufficienter
656 2896 907 2976 comprobarunt
925 2914 1032 2956 coram
1050 2896 1152 2958 nobis.
1181 2895 1382 2977 Quiquidem
1401 2893 1538 2956 Michael

276 3000 537 3063 Mothonhawser
560 3000 601 3062 ad
618 3020 749 3082 presens
778 3014 924 3062 mortuus
934 2999 1001 3064 lore
1019 3002 1216 3084 perhibetur,
1240 3019 1270 3064 et
1295 3002 1370 3082 quia
1394 3000 1536 3083 prefatus

276 3107 413 3168 condam
438 3105 576 3168 Michael
595 3106 857 3170 Mothonhawser
874 3107 913 3168 de
931 3107 1073 3188 quodam
1098 3107 1199 3170 fundo
1216 3128 1275 3170 suo
1292 3107 1379 3170 civili
1404 3109 1435 3168 in
1455 3107 1539 3168 dicta

277 3213 403 3274 civitate
419 3232 519 3296 prope
537 3213 707 3296 portellam
727 3227 937 3295 campestrem
955 3211 1076 3295 prefate
1094 3213 1230 3276 civitatis
1248 3227 1278 3276 et
1295 3215 1377 3275 inter
1395 3214 1541 3292 domum,

276 3317 478 3400 fundumque
503 3331 534 3379 et
557 3317 705 3380 hedificia
731 3318 863 3380 ecclesie
880 3337 937 3379 seu
973 3319 1158 3380 monasterii
1193 3319 1276 3382 beati
1309 3319 1435 3382 Nicolai
1460 3339 1536 3380 con-

277 3425 403 3486 fessoris
427 3424 551 3486 ordinis
584 3424 826 3486 Predicatorum
858 3439 889 3485 et
922 3423 1054 3486 fratrum
1087 3425 1119 3486 in
1153 3425 1267 3487 eodem
1302 3445 1360 3507 pro
1396 3439 1541 3507 tempore

278 3531 480 3611 degencium,
505 3549 540 3591 ac
565 3550 693 3591 murum
713 3531 797 3592 dicte
814 3531 964 3610 civitatis,
989 3545 1019 3593 et
1038 3532 1120 3592 inter
1144 3532 1211 3592 vias
1235 3551 1291 3592 seu
1315 3531 1438 3614 plateas
1455 3551 1539 3592 com-

278 3657 392 3698 munes
415 3637 561 3699 habitum
586 3651 617 3699 et
641 3638 840 3716 existentem,
866 3651 1005 3720 quatuor
1036 3638 1140 3699 curias
1172 3637 1211 3700 ad
1237 3657 1329 3699 usum
1355 3637 1438 3698 dicte
1464 3637 1540 3699 civi·

277 3744 350 3805 tatis
374 3744 406 3804 in
430 3763 464 3804 se
488 3743 720 3821 continentem,
744 3763 760 3805 a
786 3745 933 3825 pluribus
957 3744 1141 3826 retrolapsis
1168 3745 1370 3826 temporibus
1393 3757 1458 3804 tam
1484 3743 1541 3804 do·

278 3851 357 3912 mini
383 3851 481 3912 nostri
505 3851 599 3932 regis,
624 3870 722 3932 quam
739 3852 840 3912 eciam
863 3851 1002 3912 aliorum
1019 3851 1226 3912 dominorum
1246 3864 1428 3911 nostrorum
1446 3870 1542 3931 super

277 3977 336 4019 nos
360 3977 418 4040 pro
442 3971 588 4040 tempore
613 3959 873 4037 constitutorum,
898 3958 999 4036 dacia,
1027 3972 1180 4040 terrasque
1206 3972 1328 4018 nostras
1352 3976 1542 4018 communes

277 4083 334 4126 seu
358 4063 508 4126 collectas
524 4083 559 4126 ac
576 4064 765 4146 vigilaturus
782 4079 812 4125 et
828 4064 890 4126 alia
908 4064 1015 4126 debita
1033 4077 1064 4126 et
1080 4077 1262 4146 opportuna
1280 4063 1412 4126 servicia
1432 4078 1539 4124 nostra

277 4170 462 4232 communia
502 4169 664 4232 ordinaria
695 4171 755 4252 ipsi
787 4171 920 4233 domino
953 4185 1062 4233 nostro
1092 4172 1159 4251 regi
1192 4171 1331 4254 primum
1358 4183 1387 4230 et
1411 4169 1541 4231 tandem

277 4275 409 4358 prelatis
433 4276 573 4337 dominis
597 4277 714 4338 nostris
738 4297 796 4358 pro
820 4291 966 4360 tempore
990 4297 1086 4360 super
1122 4298 1180 4339 nos
1205 4277 1394 4356 constitutis,
1420 4292 1450 4338 et
1473 4291 1542 4338 tan·

277 4383 352 4444 dem
377 4383 476 4444 nostri
501 4381 534 4443 in
560 4382 702 4444 medium
728 4385 900 4465 provenire
918 4383 1084 4462 debentia,
1110 4382 1276 4465 hucusque
1302 4397 1332 4445 et
1357 4385 1388 4444 in
1415 4383 1542 4444 hodier-

277 4509 355 4551 num
380 4489 465 4550 diem
490 4489 623 4550 minime
648 4489 830 4571 persolvere
855 4503 886 4551 et
907 4491 1034 4573 explere
1067 4491 1190 4553 curavit
1217 4491 1323 4572 sepius
1348 4490 1489 4550 monitus
1513 4504 1543 4549 et

277 4597 310 4658 in
335 4595 406 4658 loro
431 4609 540 4657 nostro
565 4597 730 4658 communi
755 4597 795 4658 ad
819 4597 1067 4680 persolvendum
1086 4611 1149 4658 tam
1173 4596 1285 4658 eadem
1312 4596 1419 4658 debita
1444 4615 1540 4676 quam

278 4715 310 4765 et
333 4703 416 4784 ipsas
440 4715 528 4764 taxas
559 4716 590 4764 et
622 4703 684 4764 alia
716 4704 848 4765 servicia
881 4717 988 4765 nostra
1020 4703 1216 4780 communia,
1238 4703 1364 4783 explere
1397 4701 1542 4776 curavit3

278 4809 416 4890 ideoque
441 4827 500 4870 nos
524 4810 713 4891 premissum
740 4809 874 4870 fundum
902 4809 999 4891 ipsius
1024 4810 1161 4870 condam
1196 4808 1363 4870 Michaelis
1389 4807 1539 4869 Mothon-

279 4916 404 4994 hauser,
429 4915 461 4976 in
486 4917 649 4978 vicinitate
665 4916 895 4999 predictorum,
917 4915 1041 4998 prelato
1060 4916 1167 4976 blasio
1185 4914 1397 4998 Ztoymylych
1423 4914 1542 4974 seniori

280 5022 375 5108 judici
402 5037 432 5092 et
456 5023 582 5092 concivi
601 5037 719 5108 nostr0,
742 5037 809 5086 tum
828 5043 886 5112 pro
911 5022 1065 5112 premisso
1088 5042 1146 5086 suo
1164 5022 1273 5084 debito
1299 5020 1541 5110 quatuordecim
