3804 5798
768 633 918 696 Rationes.
1425 648 1464 698 22
1470 657 1486 718 3

328 846 407 908 Item
432 845 507 909 dedi
533 845 663 908 Thome
683 846 818 909 Chedeu
841 847 957 909 XXIIII
975 847 1060 927 dem,
1085 848 1141 929 qui
1166 848 1320 910 conduxit
1342 849 1485 911 eundem

223 953 359 1015 militem
384 954 425 1015 ad
450 955 601 1016 comitem
627 953 814 1016 Matrinum.

327 1059 406 1122 Item
433 1060 464 1123 Iu
489 1061 599 1142 vigilia
617 1059 822 1122 Visiracionis
854 1060 1099 1143 propInavimus
1125 1061 1165 1122 de
1189 1061 1309 1145 pabulo
1334 1064 1487 1144 magistro

222 1165 385 1246 Ladislao,
409 1167 601 1229 cancellario
625 1167 749 1230 domiui
774 1167 868 1249 regis,
893 1187 951 1250 pro
974 1168 1097 1230 XXXII
1129 1181 1204 1230 octo
1228 1169 1302 1231 den.

327 1273 406 1336 Item
432 1272 511 1336 feria
535 1274 648 1356 quinta
671 1287 744 1356 post
775 1273 891 1336 festum
925 1275 1126 1356 Margaretbe
1158 1276 1403 1358 propInavimus
1427 1277 1485 1338 do·

222 1380 312 1441 mino
337 1381 428 1442 Bauo
452 1399 553 1442 unum
579 1381 695 1442 bovem
722 1380 746 1442 II
771 1379 853 1460 flor„
885 1393 916 1441 et
948 1400 1007 1463 pro
1031 1381 1042 1440 I
1068 1380 1137 1442 flor.
1171 1381 1211 1442 de
1235 1382 1367 1464 pabulo,
1391 1394 1423 1444 et
1446 1383 1486 1444 de

222 1487 297 1549 feno
322 1503 353 1550 et
376 1488 583 1549 straminibus
606 1507 664 1570 pro
689 1487 832 1550 LXXIIII
857 1487 942 1567 den,
974 1502 1004 1548 et
1038 1507 1136 1570 panes
1162 1507 1219 1569 pro
1244 1488 1333 1550 CXX
1358 1488 1431 1550 den.
1455 1501 1487 1549 et

221 1594 328 1675 pullos
353 1594 409 1656 LX
434 1594 508 1657 den.

327 1701 405 1764 Item
431 1701 494 1762 emi
519 1720 642 1762 asserus
667 1713 698 1762 et
722 1701 862 1762 winetue
887 1699 990 1761 dictos
1024 1713 1054 1762 et
1077 1701 1183 1762 trabes
1207 1699 1239 1760 in
1263 1713 1344 1779 toto,
1368 1701 1486 1780 quibus

221 1805 443 1869 edificavimus
468 1807 601 1868 fluvium
627 1807 710 1868 clrca
735 1807 954 1868 Manduseucz
979 1807 1006 1868 V
1031 1805 1101 1869 flor.
1127 1805 1211 1868 CLII
1237 1806 1310 1868 den.

328 1931 405 1992 Item
431 1931 494 1991 emi
519 1931 627 1991 clavos
652 1928 857 1991 CLXXXIIII
875 1930 947 1991 den.
973 1929 1050 1992 Item
1076 1931 1304 1992 laboraverunt
1328 1943 1483 2012 quatuor·

222 2037 326 2099 decIm
352 2037 541 2118 carpentarii
568 2037 598 2097 In
624 2049 693 2098 toto
718 2056 814 2118 super
838 2037 978 2098 eundem
995 2035 1141 2116 fluvium,
1164 2035 1302 2117 quilibet
1325 2056 1383 2119 pro
1408 2035 1481 2098 XVI

222 2145 306 2223 dem,
330 2143 419 2225 quod
445 2141 520 2204 lacit
544 2143 576 2203 iu
601 2155 670 2204 toto
695 2140 871 2204 CCXXIIII
901 2143 974 2206 den.

328 2251 406 2312 Item
432 2251 494 2310 emi
519 2268 615 2310 unam
641 2249 764 2310 trabem
789 2267 940 2329 magnam
973 2249 1054 2310 circa
1087 2262 1219 2331 pontem
1252 2260 1338 2309 extra
1364 2267 1503 2313 novam.

219 2369 342 2437 portam
368 2353 500 2416 XXVIII
526 2354 599 2416 den.

323 2461 401 2522 Item
427 2460 541 2522 iterum
567 2460 628 2521 emi
655 2459 735 2520 duas
757 2461 864 2521 trabea
889 2459 1023 2520 XXXVI
1047 2459 1118 2523 den.

323 2569 400 2632 Item
426 2568 488 2629 emi
513 2581 576 2628 tres
599 2579 719 2628 statuas
743 2585 802 2648 pro
826 2566 916 2627 XXX
941 2565 1014 2630 den.

323 2675 400 2737 Item
425 2675 488 2736 emi
513 2675 619 2738 trabes
642 2685 782 2754 quatuor
806 2692 863 2754 pro
888 2672 1006 2733 XXXII
1033 2672 1106 2734 den.

323 2783 400 2843 Item
433 2781 495 2842 emi
529 2781 608 2843 duas
639 2793 759 2840 statuas
791 2779 874 2840 circa
910 2791 1041 2859 pontem
1076 2780 1135 2839 sub
1159 2777 1237 2838 turri
1262 2777 1385 2838 castelli
1422 2795 1480 2858 pro

217 2890 276 2951 XX
305 2889 377 2951 den.
498 2925 499 2928 =

256 2962 260 2970 .
322 2995 400 3056 Item
425 2993 499 3054 dedi
524 2994 626 3055 tribus
658 2992 864 3075 carpentariis
895 2989 1089 3052 XXXXVIII
1123 2989 1208 3067 den.‚
1233 2989 1288 3070 qui
1314 2989 1479 3050 laborave-

216 3116 290 3164 runt
336 3115 437 3163 ontes.

314 3121 400 3269 lItem
425 3207 489 3268 emi
514 3208 542 3268 X
565 3207 670 3268 trabes
687 3204 726 3266 ad
744 3218 876 3287 pontem
893 3205 952 3264 sub
969 3203 1046 3264 turri
1064 3222 1123 3286 pro
1142 3202 1258 3264 LXXX
1283 3215 1314 3264 et
1337 3200 1376 3261 III
1395 3200 1480 3278 den„

215 3330 245 3376 et
269 3315 440 3377 duodecIm
466 3313 644 3375 moztnicze
669 3331 727 3393 pro
753 3312 807 3374 LV
832 3311 906 3375 den.

729 3417 862 3479 Summa
887 3415 962 3478 facit
989 3415 1059 3476 XIII
1085 3415 1153 3477 flor.
1179 3429 1210 3477 et
1231 3413 1333 3477 XVIII
1358 3414 1432 3480 den.

322 3526 399 3588 Item
424 3527 487 3588 emi
513 3525 592 3586 duas
616 3526 722 3586 trabea
746 3543 878 3604 magnas
902 3522 942 3583 ad
975 3521 1059 3583 viam
1086 3522 1168 3583 circa
1189 3503 1318 3582 Iliczam
1344 3520 1475 3582 XXVIII

216 3633 289 3696 den.
315 3632 431 3694 Iterum
459 3631 532 3694 dedi
568 3629 688 3693 Mathie
720 3648 874 3712 arcuparo
909 3627 961 3690 LII
994 3629 1067 3691 den.
1099 3647 1158 3709 pro
1182 3627 1307 3688 duabus
1330 3627 1476 3688 trabibus

216 3740 256 3800 ad
282 3739 430 3800 eandem.

320 3845 399 3906 Item
423 3844 497 3906 dedi
521 3843 623 3904 tribus
651 3841 857 3924 carpentariis
889 3839 1017 3904 XLVIII
1051 3839 1134 3918 den„
1167 3839 1221 3920 qui
1247 3839 1476 3900 laboraverunt

215 3952 338 4014 canalia
363 3953 396 4012 iu
420 3951 472 4013 via
496 3951 579 4012 circa
604 3949 743 4010 Iliczam.

320 4057 397 4120 Item
423 4057 497 4118 dedi
522 4056 668 4118 Flanclin
695 4053 784 4116 CXX
808 4053 893 4132 den.,
918 4053 974 4134 qui
999 4051 1176 4114 ambulavit
1201 4070 1273 4112 cum
1300 4051 1401 4114 literis
1418 4051 1475 4112 do·

215 4164 293 4226 miui
319 4164 398 4224 Bani
423 4177 494 4245 post
518 4163 694 4224 daciatores
719 4161 844 4222 domini
872 4161 955 4242 regis
987 4160 1026 4220 ad
1052 4159 1211 4238 Rakonog
1235 4171 1266 4220 et
1290 4157 1330 4219 ad
1354 4157 1476 4221 Varasd

215 4286 245 4333 et
269 4271 310 4333 ad
335 4271 505 4332 domiuum
529 4269 665 4331 Beuum.

319 4377 397 4439 Item
423 4376 496 4437 dedi
521 4395 580 4458 pro
604 4374 712 4458 precio
737 4373 812 4456 equi
838 4391 894 4455 per
918 4385 1057 4452 quatuor
1089 4370 1158 4431 dies
1183 4369 1208 4430 L
1232 4389 1286 4430 sex
1311 4368 1385 4430 den.

321 4483 398 4546 Item
423 4482 554 4564 quando
579 4481 703 4564 portavi
728 4493 833 4541 raxam
858 4478 982 4540 domini
1012 4477 1095 4558 regis
1118 4476 1158 4538 ad
1183 4475 1396 4537 Varasdinum
1423 4493 1474 4536 ex-

214 4590 306 4672 posui
332 4608 428 4671 super
450 4601 589 4670 quatuor
613 4607 715 4669 equos
739 4599 770 4648 et
794 4585 953 4661 homiues,
978 4597 1007 4644 et
1024 4602 1126 4664 quurn
1150 4582 1213 4644 emi
1238 4582 1317 4642 duas
1340 4579 1476 4640 scutulas

213 4695 253 4756 de
277 4695 413 4756 veracite
437 4693 463 4755 II
488 4679 558 4756 flor.
592 4709 622 4754 et
656 4691 769 4754 XLIIII
794 4691 869 4756 den.
902 4690 979 4752 Item
1004 4709 1063 4772 pro
1094 4689 1202 4769 precio
1234 4705 1392 4768 equorum
1416 4704 1475 4767 pro

212 4815 335 4884 septem
359 4801 428 4863 dies
452 4799 462 4861 I
486 4799 555 4864 flor.
581 4800 659 4861 Item
684 4798 803 4860 ibidem
824 4797 898 4858 dedi
923 4795 1059 4857 Nicolao
1084 4795 1123 4855 de
1148 4792 1346 4856 Gathalorcz
1373 4810 1474 4852 unum

212 4907 293 4986 flor„
317 4907 373 4988 qui
397 4907 454 4968 irit
477 4907 645 4967 nobiscum
678 4923 785 4965 coram
812 4902 963 4983 magistro
993 4900 1135 4982 Georgio
1161 4914 1191 4961 et
1216 4898 1350 4959 domiuo
1373 4897 1473 4958 bano.

213 5013 290 5074 Item
316 5012 391 5074 dedi
416 5031 532 5073 munus
554 5011 689 5072 domino
715 5009 804 5070 Bano
829 5027 887 5089 pro
912 5006 922 5067 I
948 5005 1017 5070 flor.
1043 5023 1073 5068 et
1097 5005 1216 5068 CXXX
1241 5005 1315 5069 den.

319 5119 395 5180 Item
423 5119 455 5178 in
479 5117 589 5197 vIgilia
617 5115 795 5186 Laurencii‚
813 5131 913 5194 quum
932 5127 1085 5174 venerant
1113 5112 1221 5173 nuncii
1246 5110 1370 5172 domiui
1391 5109 1474 5190 regis
