<?xml version="1.0" encoding="UTF-8"?>
<!DOCTYPE html PUBLIC "-//W3C//DTD XHTML 1.0 Transitional//EN"
    "http://www.w3.org/TR/xhtml1/DTD/xhtml1-transitional.dtd">
<html xmlns="http://www.w3.org/1999/xhtml" xml:lang="en" lang="en">
 <head>
  <title>
</title>
<meta http-equiv="Content-Type" content="text/html;charset=utf-8" />
  <meta name='ocr-system' content='tesseract 3.04.00' />
  <meta name='ocr-capabilities' content='ocr_page ocr_carea ocr_par ocr_line ocrx_word'/>
</head>
<body>
  <div class='ocr_page' id='page_1' title='image "./monumentahistor19laszgoog_0194.png"; bbox 0 0 3810 5806; ppageno 0'>
   <div class='ocr_carea' id='block_1_1' title="bbox 388 563 1113 639">
    <p class='ocr_par' dir='ltr' id='par_1_1' title="bbox 388 563 1113 639">
     <span class='ocr_line' id='line_1_1' title="bbox 388 563 1113 639; baseline 0.003 -18"><span class='ocrx_word' id='word_1_1' title='bbox 388 579 447 639; x_wconf 86' lang='lat'><strong>142</strong></span> <span class='ocrx_word' id='word_1_2' title='bbox 931 563 1113 623; x_wconf 73' lang='lat' dir='ltr'><strong>Inventaria.</strong></span> 
     </span>
    </p>
   </div>
   <div class='ocr_carea' id='block_1_2' title="bbox 380 770 1650 3626">
    <p class='ocr_par' dir='ltr' id='par_1_2' title="bbox 382 770 1647 1154">
     <span class='ocr_line' id='line_1_2' title="bbox 488 770 1645 856; baseline 0.003 -23"><span class='ocrx_word' id='word_1_3' title='bbox 488 772 566 835; x_wconf 89' lang='lat' dir='ltr'><strong>Item</strong></span> <span class='ocrx_word' id='word_1_4' title='bbox 598 773 679 834; x_wconf 88' lang='lat' dir='ltr'><strong>alius</strong></span> <span class='ocrx_word' id='word_1_5' title='bbox 712 770 793 833; x_wconf 92' lang='lat' dir='ltr'><strong>liber</strong></span> <span class='ocrx_word' id='word_1_6' title='bbox 823 773 1030 854; x_wconf 87' lang='lat' dir='ltr'><strong>questionum</strong></span> <span class='ocrx_word' id='word_1_7' title='bbox 1063 793 1158 856; x_wconf 90' lang='lat' dir='ltr'><strong>super</strong></span> <span class='ocrx_word' id='word_1_8' title='bbox 1190 775 1274 836; x_wconf 92' lang='lat' dir='ltr'><strong>libro</strong></span> <span class='ocrx_word' id='word_1_9' title='bbox 1300 774 1519 853; x_wconf 86' lang='lat' dir='ltr'><strong>Summarum,</strong></span> <span class='ocrx_word' id='word_1_10' title='bbox 1543 788 1574 836; x_wconf 92' lang='lat' dir='ltr'><strong>et</strong></span> <span class='ocrx_word' id='word_1_11' title='bbox 1599 775 1645 836; x_wconf 94' lang='lat' dir='ltr'><strong>in-</strong></span> 
     </span>
     <span class='ocr_line' id='line_1_3' title="bbox 382 877 1646 964; baseline 0.002 -23"><span class='ocrx_word' id='word_1_12' title='bbox 382 878 460 961; x_wconf 88' lang='lat' dir='ltr'>cipit</span> <span class='ocrx_word' id='word_1_13' title='bbox 491 893 584 941; x_wconf 86' lang='lat' dir='ltr'><strong>nota:</strong></span> <span class='ocrx_word' id='word_1_14' title='bbox 619 877 713 940; x_wconf 79' lang='lat' dir='ltr'><strong>»fidei</strong></span> <span class='ocrx_word' id='word_1_15' title='bbox 747 877 917 941; x_wconf 81' lang='lat' dir='ltr'>christiane</span> <span class='ocrx_word' id='word_1_16' title='bbox 942 880 1144 960; x_wconf 80' lang='lat' dir='ltr'><strong>discipline«,</strong></span> <span class='ocrx_word' id='word_1_17' title='bbox 1177 893 1208 943; x_wconf 92' lang='lat' dir='ltr'><strong>et</strong></span> <span class='ocrx_word' id='word_1_18' title='bbox 1240 881 1272 942; x_wconf 91' lang='lat' dir='ltr'><strong>in</strong></span> <span class='ocrx_word' id='word_1_19' title='bbox 1303 879 1366 944; x_wconf 93' lang='lat' dir='ltr'><strong>fine</strong></span> <span class='ocrx_word' id='word_1_20' title='bbox 1402 883 1504 964; x_wconf 90' lang='lat' dir='ltr'><strong>prime</strong></span> <span class='ocrx_word' id='word_1_21' title='bbox 1529 882 1646 963; x_wconf 81' lang='lat' dir='ltr'><strong>pagine</strong></span> 
     </span>
     <span class='ocr_line' id='line_1_4' title="bbox 382 983 1647 1065; baseline 0.002 -19"><span class='ocrx_word' id='word_1_22' title='bbox 382 985 514 1048; x_wconf 89' lang='lat' dir='ltr'><strong>secundi</strong></span> <span class='ocrx_word' id='word_1_23' title='bbox 538 984 608 1048; x_wconf 85' lang='lat' dir='ltr'><strong>lolii</strong></span> <span class='ocrx_word' id='word_1_24' title='bbox 633 983 720 1048; x_wconf 87' lang='lat' dir='ltr'><strong>finit:</strong></span> <span class='ocrx_word' id='word_1_25' title='bbox 760 986 853 1048; x_wconf 80' lang='lat' dir='ltr'><strong>»ideo</strong></span> <span class='ocrx_word' id='word_1_26' title='bbox 886 1005 951 1048; x_wconf 91' lang='lat' dir='ltr'><strong>non</strong></span> <span class='ocrx_word' id='word_1_27' title='bbox 985 987 1058 1065; x_wconf 77' lang='lat' dir='ltr'><strong>de«,</strong></span> <span class='ocrx_word' id='word_1_28' title='bbox 1083 1001 1114 1048; x_wconf 93' lang='lat' dir='ltr'><strong>et</strong></span> <span class='ocrx_word' id='word_1_29' title='bbox 1147 987 1178 1048; x_wconf 94' lang='lat' dir='ltr'><strong>in</strong></span> <span class='ocrx_word' id='word_1_30' title='bbox 1211 986 1274 1050; x_wconf 91' lang='lat' dir='ltr'><strong>fine</strong></span> <span class='ocrx_word' id='word_1_31' title='bbox 1306 988 1378 1051; x_wconf 90' lang='lat' dir='ltr'><strong>libri</strong></span> <span class='ocrx_word' id='word_1_32' title='bbox 1404 987 1490 1052; x_wconf 90' lang='lat' dir='ltr'><strong>finit:</strong></span> <span class='ocrx_word' id='word_1_33' title='bbox 1518 987 1647 1050; x_wconf 79' lang='lat' dir='ltr'><strong>»finitur</strong></span> 
     </span>
     <span class='ocr_line' id='line_1_5' title="bbox 383 1089 721 1154; baseline -0.009 -1"><span class='ocrx_word' id='word_1_34' title='bbox 383 1091 465 1153; x_wconf 91' lang='lat' dir='ltr'><strong>istud</strong></span> <span class='ocrx_word' id='word_1_35' title='bbox 490 1089 721 1154; x_wconf 85' lang='lat' dir='ltr'><strong>sImbolum‹.¹</strong></span> 
     </span>
    </p>

    <p class='ocr_par' dir='ltr' id='par_1_3' title="bbox 382 1197 1645 1579">
     <span class='ocr_line' id='line_1_6' title="bbox 492 1197 1642 1282; baseline 0.001 -22"><span class='ocrx_word' id='word_1_36' title='bbox 492 1198 568 1260; x_wconf 84' lang='lat' dir='ltr'><strong>Item</strong></span> <span class='ocrx_word' id='word_1_37' title='bbox 592 1198 674 1259; x_wconf 93' lang='lat' dir='ltr'><strong>liber</strong></span> <span class='ocrx_word' id='word_1_38' title='bbox 698 1197 871 1279; x_wconf 88' lang='lat' dir='ltr'><strong>Alphabeti</strong></span> <span class='ocrx_word' id='word_1_39' title='bbox 898 1198 930 1259; x_wconf 91' lang='lat' dir='ltr'><strong>iu</strong></span> <span class='ocrx_word' id='word_1_40' title='bbox 963 1213 1027 1260; x_wconf 91' lang='lat' dir='ltr'><strong>arte</strong></span> <span class='ocrx_word' id='word_1_41' title='bbox 1059 1199 1307 1278; x_wconf 87' lang='lat' dir='ltr'><strong>sermocinandi,</strong></span> <span class='ocrx_word' id='word_1_42' title='bbox 1340 1201 1461 1263; x_wconf 87' lang='lat' dir='ltr'><strong>habens</strong></span> <span class='ocrx_word' id='word_1_43' title='bbox 1485 1200 1642 1282; x_wconf 88' lang='lat' dir='ltr'><strong>principia</strong></span> 
     </span>
     <span class='ocr_line' id='line_1_7' title="bbox 383 1304 1645 1390; baseline 0.004 -26"><span class='ocrx_word' id='word_1_44' title='bbox 383 1323 569 1366; x_wconf 85' lang='lat' dir='ltr'><strong>sermonum</strong></span> <span class='ocrx_word' id='word_1_45' title='bbox 595 1305 626 1368; x_wconf 92' lang='lat' dir='ltr'><strong>in</strong></span> <span class='ocrx_word' id='word_1_46' title='bbox 658 1304 818 1387; x_wconf 88' lang='lat' dir='ltr'><strong>priocipio</strong></span> <span class='ocrx_word' id='word_1_47' title='bbox 851 1324 906 1386; x_wconf 90' lang='lat' dir='ltr'><strong>per</strong></span> <span class='ocrx_word' id='word_1_48' title='bbox 938 1317 1042 1367; x_wconf 91' lang='lat' dir='ltr'><strong>totum</strong></span> <span class='ocrx_word' id='word_1_49' title='bbox 1074 1325 1206 1384; x_wconf 91' lang='lat' dir='ltr'><strong>annum,</strong></span> <span class='ocrx_word' id='word_1_50' title='bbox 1235 1319 1266 1368; x_wconf 91' lang='lat' dir='ltr'><strong>et</strong></span> <span class='ocrx_word' id='word_1_51' title='bbox 1289 1307 1402 1389; x_wconf 89' lang='lat' dir='ltr'><strong>incipit</strong></span> <span class='ocrx_word' id='word_1_52' title='bbox 1432 1308 1464 1368; x_wconf 90' lang='lat' dir='ltr'><strong>in</strong></span> <span class='ocrx_word' id='word_1_53' title='bbox 1489 1307 1645 1390; x_wconf 81' lang='lat' dir='ltr'><strong>prologo:</strong></span> 
     </span>
     <span class='ocr_line' id='line_1_8' title="bbox 386 1410 1644 1492; baseline 0.004 -23"><span class='ocrx_word' id='word_1_54' title='bbox 386 1410 584 1472; x_wconf 85' lang='lat' dir='ltr'><strong>»Plurimum</strong></span> <span class='ocrx_word' id='word_1_55' title='bbox 603 1410 728 1472; x_wconf 87' lang='lat' dir='ltr'><strong>dilectis</strong></span> <span class='ocrx_word' id='word_1_56' title='bbox 752 1424 783 1472; x_wconf 89' lang='lat' dir='ltr'><strong>et</strong></span> <span class='ocrx_word' id='word_1_57' title='bbox 798 1410 1004 1492; x_wconf 81' lang='lat' dir='ltr'><strong>diligendis«,</strong></span> <span class='ocrx_word' id='word_1_58' title='bbox 1037 1425 1067 1472; x_wconf 86' lang='lat' dir='ltr'><strong>et</strong></span> <span class='ocrx_word' id='word_1_59' title='bbox 1098 1412 1130 1473; x_wconf 94' lang='lat' dir='ltr'><strong>in</strong></span> <span class='ocrx_word' id='word_1_60' title='bbox 1164 1411 1228 1474; x_wconf 88' lang='lat' dir='ltr'><strong>fine</strong></span> <span class='ocrx_word' id='word_1_61' title='bbox 1262 1413 1335 1474; x_wconf 88' lang='lat' dir='ltr'><strong>libri</strong></span> <span class='ocrx_word' id='word_1_62' title='bbox 1360 1411 1448 1476; x_wconf 91' lang='lat' dir='ltr'><strong>finit:</strong></span> <span class='ocrx_word' id='word_1_63' title='bbox 1486 1414 1545 1476; x_wconf 81' lang='lat' dir='ltr'><strong>»ad</strong></span> <span class='ocrx_word' id='word_1_64' title='bbox 1570 1433 1644 1475; x_wconf 94' lang='lat' dir='ltr'><strong>con-</strong></span> 
     </span>
     <span class='ocr_line' id='line_1_9' title="bbox 382 1515 1045 1579; baseline 0.003 -2"><span class='ocrx_word' id='word_1_65' title='bbox 382 1515 559 1578; x_wconf 86' lang='lat' dir='ltr'><strong>leccionem</strong></span> <span class='ocrx_word' id='word_1_66' title='bbox 595 1530 701 1579; x_wconf 83' lang='lat' dir='ltr'><strong>autern</strong></span> <span class='ocrx_word' id='word_1_67' title='bbox 734 1517 829 1579; x_wconf 90' lang='lat' dir='ltr'><strong>buius</strong></span> <span class='ocrx_word' id='word_1_68' title='bbox 853 1517 1045 1579; x_wconf 78' lang='lat' dir='ltr'><strong>medicine«.</strong></span> 
     </span>
    </p>

    <p class='ocr_par' dir='ltr' id='par_1_4' title="bbox 382 1623 1644 1922">
     <span class='ocr_line' id='line_1_10' title="bbox 488 1623 1644 1705; baseline 0.003 -21"><span class='ocrx_word' id='word_1_69' title='bbox 488 1624 566 1686; x_wconf 90' lang='lat' dir='ltr'><strong>Item</strong></span> <span class='ocrx_word' id='word_1_70' title='bbox 578 1623 689 1686; x_wconf 89' lang='lat' dir='ltr'><strong>Flores</strong></span> <span class='ocrx_word' id='word_1_71' title='bbox 698 1623 862 1700; x_wconf 89' lang='lat' dir='ltr'><strong>Bernardi,</strong></span> <span class='ocrx_word' id='word_1_72' title='bbox 873 1637 904 1686; x_wconf 93' lang='lat' dir='ltr'><strong>et</strong></span> <span class='ocrx_word' id='word_1_73' title='bbox 914 1623 1025 1705; x_wconf 93' lang='lat' dir='ltr'><strong>incipit</strong></span> <span class='ocrx_word' id='word_1_74' title='bbox 1034 1625 1066 1684; x_wconf 94' lang='lat' dir='ltr'><strong>in</strong></span> <span class='ocrx_word' id='word_1_75' title='bbox 1077 1625 1187 1705; x_wconf 86' lang='lat' dir='ltr'><strong>nIgro:</strong></span> <span class='ocrx_word' id='word_1_76' title='bbox 1201 1624 1305 1688; x_wconf 79' lang='lat' dir='ltr'><strong>»Cum</strong></span> <span class='ocrx_word' id='word_1_77' title='bbox 1316 1645 1381 1687; x_wconf 92' lang='lat' dir='ltr'><strong>non</strong></span> <span class='ocrx_word' id='word_1_78' title='bbox 1392 1645 1492 1687; x_wconf 85' lang='lat' dir='ltr'><strong>essem</strong></span> <span class='ocrx_word' id='word_1_79' title='bbox 1504 1627 1599 1688; x_wconf 88' lang='lat' dir='ltr'><strong>alicui</strong></span> <span class='ocrx_word' id='word_1_80' title='bbox 1613 1627 1644 1688; x_wconf 93' lang='lat' dir='ltr'><strong>iu</strong></span> 
     </span>
     <span class='ocr_line' id='line_1_11' title="bbox 383 1728 1643 1812; baseline 0.003 -22"><span class='ocrx_word' id='word_1_81' title='bbox 383 1729 572 1806; x_wconf 75' lang='lat' dir='ltr'><strong>exercicier,</strong></span> <span class='ocrx_word' id='word_1_82' title='bbox 596 1743 627 1792; x_wconf 88' lang='lat' dir='ltr'><strong>et</strong></span> <span class='ocrx_word' id='word_1_83' title='bbox 651 1730 683 1790; x_wconf 90' lang='lat' dir='ltr'><strong>io</strong></span> <span class='ocrx_word' id='word_1_84' title='bbox 708 1728 771 1792; x_wconf 90' lang='lat' dir='ltr'><strong>fine</strong></span> <span class='ocrx_word' id='word_1_85' title='bbox 803 1730 905 1811; x_wconf 90' lang='lat' dir='ltr'><strong>prime</strong></span> <span class='ocrx_word' id='word_1_86' title='bbox 938 1731 1053 1812; x_wconf 82' lang='lat' dir='ltr'><strong>pagine</strong></span> <span class='ocrx_word' id='word_1_87' title='bbox 1086 1733 1216 1792; x_wconf 91' lang='lat' dir='ltr'><strong>secundi</strong></span> <span class='ocrx_word' id='word_1_88' title='bbox 1250 1730 1319 1794; x_wconf 87' lang='lat' dir='ltr'><strong>lolii</strong></span> <span class='ocrx_word' id='word_1_89' title='bbox 1344 1731 1430 1795; x_wconf 90' lang='lat' dir='ltr'><strong>finit:</strong></span> <span class='ocrx_word' id='word_1_90' title='bbox 1458 1734 1509 1794; x_wconf 80' lang='lat' dir='ltr'><strong>»in</strong></span> <span class='ocrx_word' id='word_1_91' title='bbox 1535 1731 1643 1795; x_wconf 86' lang='lat' dir='ltr'><strong>futuro</strong></span> 
     </span>
     <span class='ocr_line' id='line_1_12' title="bbox 382 1835 1558 1922; baseline 0.005 -26"><span class='ocrx_word' id='word_1_92' title='bbox 382 1837 474 1898; x_wconf 89' lang='lat' dir='ltr'><strong>sicuti</strong></span> <span class='ocrx_word' id='word_1_93' title='bbox 499 1850 577 1913; x_wconf 81' lang='lat' dir='ltr'><strong>est«,</strong></span> <span class='ocrx_word' id='word_1_94' title='bbox 602 1849 634 1896; x_wconf 90' lang='lat' dir='ltr'><strong>et</strong></span> <span class='ocrx_word' id='word_1_95' title='bbox 658 1835 690 1898; x_wconf 94' lang='lat' dir='ltr'><strong>in</strong></span> <span class='ocrx_word' id='word_1_96' title='bbox 714 1835 777 1898; x_wconf 93' lang='lat' dir='ltr'><strong>fine</strong></span> <span class='ocrx_word' id='word_1_97' title='bbox 802 1836 875 1898; x_wconf 93' lang='lat' dir='ltr'><strong>libri</strong></span> <span class='ocrx_word' id='word_1_98' title='bbox 901 1835 987 1899; x_wconf 90' lang='lat' dir='ltr'><strong>finit:</strong></span> <span class='ocrx_word' id='word_1_99' title='bbox 1012 1838 1107 1918; x_wconf 84' lang='lat' dir='ltr'><strong>»quia</strong></span> <span class='ocrx_word' id='word_1_100' title='bbox 1131 1857 1208 1899; x_wconf 89' lang='lat' dir='ltr'><strong>vero</strong></span> <span class='ocrx_word' id='word_1_101' title='bbox 1233 1839 1354 1920; x_wconf 91' lang='lat' dir='ltr'><strong>ubique</strong></span> <span class='ocrx_word' id='word_1_102' title='bbox 1378 1839 1558 1922; x_wconf 79' lang='lat' dir='ltr'><strong>periculo«.</strong></span> 
     </span>
    </p>

    <p class='ocr_par' dir='ltr' id='par_1_5' title="bbox 382 1932 1646 2324">
     <span class='ocr_line' id='line_1_13' title="bbox 487 1932 1644 2027; baseline 0.002 -24"><span class='ocrx_word' id='word_1_103' title='bbox 487 1941 564 2003; x_wconf 89' lang='lat' dir='ltr'><strong>Item</strong></span> <span class='ocrx_word' id='word_1_104' title='bbox 590 1942 688 2023; x_wconf 88' lang='lat' dir='ltr'><strong>Hugo</strong></span> <span class='ocrx_word' id='word_1_105' title='bbox 713 1943 753 2004; x_wconf 89' lang='lat' dir='ltr'><strong>de</strong></span> <span class='ocrx_word' id='word_1_106' title='bbox 777 1943 994 2020; x_wconf 85' lang='lat' dir='ltr'><strong>sacramentis,</strong></span> <span class='ocrx_word' id='word_1_107' title='bbox 1020 1963 1092 2004; x_wconf 88' lang='lat' dir='ltr'><strong>cum</strong></span> <span class='ocrx_word' id='word_1_108' title='bbox 1118 1943 1189 2005; x_wconf 90' lang='lat' dir='ltr'><strong>aliis</strong></span> <span class='ocrx_word' id='word_1_109' title='bbox 1207 1945 1359 2026; x_wconf 89' lang='lat' dir='ltr'><strong>operibus</strong></span> <span class='ocrx_word' id='word_1_110' title='bbox 1375 1946 1451 2024; x_wconf 89' lang='lat' dir='ltr'><strong>suis,</strong></span> <span class='ocrx_word' id='word_1_111' title='bbox 1476 1959 1507 2006; x_wconf 91' lang='lat' dir='ltr'><strong>et</strong></span> <span class='ocrx_word' id='word_1_112' title='bbox 1532 1932 1644 2027; x_wconf 85' lang='lat' dir='ltr'><strong>incipit</strong></span> 
     </span>
     <span class='ocr_line' id='line_1_14' title="bbox 383 2048 1642 2134; baseline 0.003 -26"><span class='ocrx_word' id='word_1_113' title='bbox 383 2049 414 2108; x_wconf 92' lang='lat' dir='ltr'><strong>in</strong></span> <span class='ocrx_word' id='word_1_114' title='bbox 433 2049 542 2129; x_wconf 89' lang='lat' dir='ltr'><strong>nigro:</strong></span> <span class='ocrx_word' id='word_1_115' title='bbox 573 2049 661 2110; x_wconf 78' lang='lat' dir='ltr'><strong>»Due</strong></span> <span class='ocrx_word' id='word_1_116' title='bbox 687 2049 838 2131; x_wconf 87' lang='lat' dir='ltr'><strong>precipue</strong></span> <span class='ocrx_word' id='word_1_117' title='bbox 863 2068 911 2110; x_wconf 90' lang='lat' dir='ltr'><strong>res</strong></span> <span class='ocrx_word' id='word_1_118' title='bbox 934 2048 1015 2111; x_wconf 77' lang='lat' dir='ltr'><strong>slot«</strong></span> <span class='ocrx_word' id='word_1_119' title='bbox 1044 2065 1075 2111; x_wconf 87' lang='lat' dir='ltr'><strong>et</strong></span> <span class='ocrx_word' id='word_1_120' title='bbox 1098 2050 1130 2110; x_wconf 92' lang='lat' dir='ltr'><strong>in</strong></span> <span class='ocrx_word' id='word_1_121' title='bbox 1155 2048 1217 2112; x_wconf 91' lang='lat' dir='ltr'><strong>fine</strong></span> <span class='ocrx_word' id='word_1_122' title='bbox 1242 2051 1344 2132; x_wconf 90' lang='lat' dir='ltr'><strong>prime</strong></span> <span class='ocrx_word' id='word_1_123' title='bbox 1368 2051 1485 2134; x_wconf 82' lang='lat' dir='ltr'><strong>pagine</strong></span> <span class='ocrx_word' id='word_1_124' title='bbox 1509 2051 1642 2114; x_wconf 90' lang='lat' dir='ltr'><strong>secundi</strong></span> 
     </span>
     <span class='ocr_line' id='line_1_15' title="bbox 382 2153 1646 2240; baseline 0.003 -24"><span class='ocrx_word' id='word_1_125' title='bbox 382 2153 452 2216; x_wconf 85' lang='lat' dir='ltr'><strong>lolii</strong></span> <span class='ocrx_word' id='word_1_126' title='bbox 478 2153 564 2216; x_wconf 90' lang='lat' dir='ltr'><strong>finit:</strong></span> <span class='ocrx_word' id='word_1_127' title='bbox 594 2154 830 2238; x_wconf 76' lang='lat' dir='ltr'><strong>»philosophye</strong></span> <span class='ocrx_word' id='word_1_128' title='bbox 856 2169 934 2233; x_wconf 83' lang='lat' dir='ltr'><strong>est«,</strong></span> <span class='ocrx_word' id='word_1_129' title='bbox 959 2169 990 2216; x_wconf 92' lang='lat' dir='ltr'><strong>et</strong></span> <span class='ocrx_word' id='word_1_130' title='bbox 1007 2156 1052 2217; x_wconf 90' lang='lat' dir='ltr'><strong>in·</strong></span> <span class='ocrx_word' id='word_1_131' title='bbox 1068 2155 1131 2217; x_wconf 89' lang='lat' dir='ltr'><strong>fine</strong></span> <span class='ocrx_word' id='word_1_132' title='bbox 1148 2157 1222 2219; x_wconf 93' lang='lat' dir='ltr'><strong>libri</strong></span> <span class='ocrx_word' id='word_1_133' title='bbox 1246 2156 1333 2220; x_wconf 89' lang='lat' dir='ltr'><strong>finit:</strong></span> <span class='ocrx_word' id='word_1_134' title='bbox 1362 2178 1436 2240; x_wconf 78' lang='lat' dir='ltr'><strong>»per</strong></span> <span class='ocrx_word' id='word_1_135' title='bbox 1460 2174 1573 2220; x_wconf 88' lang='lat' dir='ltr'><strong>cuncta</strong></span> <span class='ocrx_word' id='word_1_136' title='bbox 1598 2178 1646 2220; x_wconf 89' lang='lat' dir='ltr'><strong>se·</strong></span> 
     </span>
     <span class='ocr_line' id='line_1_16' title="bbox 383 2261 694 2324; baseline 0 0"><span class='ocrx_word' id='word_1_137' title='bbox 383 2261 529 2324; x_wconf 90' lang='lat' dir='ltr'><strong>culorum</strong></span> <span class='ocrx_word' id='word_1_138' title='bbox 554 2261 694 2324; x_wconf 79' lang='lat' dir='ltr'><strong>secula«.</strong></span> 
     </span>
    </p>

    <p class='ocr_par' dir='ltr' id='par_1_6' title="bbox 382 2369 1648 2774">
     <span class='ocr_line' id='line_1_17' title="bbox 488 2369 1647 2456; baseline 0.006 -26"><span class='ocrx_word' id='word_1_139' title='bbox 488 2369 565 2432; x_wconf 89' lang='lat' dir='ltr'><strong>Item</strong></span> <span class='ocrx_word' id='word_1_140' title='bbox 590 2369 785 2443; x_wconf 88' lang='lat' dir='ltr'><strong>Queationea</strong></span> <span class='ocrx_word' id='word_1_141' title='bbox 809 2389 905 2452; x_wconf 89' lang='lat' dir='ltr'><strong>super</strong></span> <span class='ocrx_word' id='word_1_142' title='bbox 929 2384 1069 2452; x_wconf 90' lang='lat' dir='ltr'><strong>quatuor</strong></span> <span class='ocrx_word' id='word_1_143' title='bbox 1095 2371 1185 2432; x_wconf 85' lang='lat' dir='ltr'><strong>libris</strong></span> <span class='ocrx_word' id='word_1_144' title='bbox 1218 2371 1437 2451; x_wconf 82' lang='lat' dir='ltr'><strong>Summarum,</strong></span> <span class='ocrx_word' id='word_1_145' title='bbox 1462 2388 1493 2436; x_wconf 92' lang='lat' dir='ltr'><strong>et</strong></span> <span class='ocrx_word' id='word_1_146' title='bbox 1516 2375 1647 2456; x_wconf 88' lang='lat' dir='ltr'><strong>incipit:</strong></span> 
     </span>
     <span class='ocr_line' id='line_1_18' title="bbox 386 2474 1648 2561; baseline 0.008 -30"><span class='ocrx_word' id='word_1_147' title='bbox 386 2474 554 2536; x_wconf 75' lang='lat' dir='ltr'><strong>»Transire</strong></span> <span class='ocrx_word' id='word_1_148' title='bbox 578 2476 617 2538; x_wconf 87' lang='lat' dir='ltr'><strong>ad</strong></span> <span class='ocrx_word' id='word_1_149' title='bbox 643 2495 694 2537; x_wconf 89' lang='lat' dir='ltr'><strong>me</strong></span> <span class='ocrx_word' id='word_1_150' title='bbox 726 2496 874 2554; x_wconf 76' lang='lat' dir='ltr'><strong>omnes«,</strong></span> <span class='ocrx_word' id='word_1_151' title='bbox 906 2491 936 2538; x_wconf 93' lang='lat' dir='ltr'><strong>et</strong></span> <span class='ocrx_word' id='word_1_152' title='bbox 968 2478 1000 2538; x_wconf 91' lang='lat' dir='ltr'><strong>io</strong></span> <span class='ocrx_word' id='word_1_153' title='bbox 1033 2476 1096 2540; x_wconf 90' lang='lat' dir='ltr'><strong>fine</strong></span> <span class='ocrx_word' id='word_1_154' title='bbox 1128 2478 1229 2559; x_wconf 92' lang='lat' dir='ltr'><strong>prime</strong></span> <span class='ocrx_word' id='word_1_155' title='bbox 1263 2480 1379 2561; x_wconf 87' lang='lat' dir='ltr'><strong>pagine</strong></span> <span class='ocrx_word' id='word_1_156' title='bbox 1411 2479 1542 2542; x_wconf 90' lang='lat' dir='ltr'><strong>secundi</strong></span> <span class='ocrx_word' id='word_1_157' title='bbox 1579 2479 1648 2542; x_wconf 89' lang='lat' dir='ltr'><strong>folii</strong></span> 
     </span>
     <span class='ocr_line' id='line_1_19' title="bbox 382 2579 1646 2670; baseline 0.005 -29"><span class='ocrx_word' id='word_1_158' title='bbox 382 2579 471 2643; x_wconf 91' lang='lat' dir='ltr'><strong>finit:</strong></span> <span class='ocrx_word' id='word_1_159' title='bbox 499 2582 654 2644; x_wconf 79' lang='lat' dir='ltr'><strong>»sciencia</strong></span> <span class='ocrx_word' id='word_1_160' title='bbox 679 2582 814 2645; x_wconf 88' lang='lat' dir='ltr'><strong>collecta</strong></span> <span class='ocrx_word' id='word_1_161' title='bbox 839 2584 879 2644; x_wconf 89' lang='lat' dir='ltr'><strong>de</strong></span> <span class='ocrx_word' id='word_1_162' title='bbox 898 2583 1026 2670; x_wconf 78' lang='lat' dir='ltr'><strong>libris«,</strong></span> <span class='ocrx_word' id='word_1_163' title='bbox 1051 2599 1081 2644; x_wconf 92' lang='lat' dir='ltr'><strong>et</strong></span> <span class='ocrx_word' id='word_1_164' title='bbox 1113 2585 1145 2645; x_wconf 92' lang='lat' dir='ltr'><strong>in</strong></span> <span class='ocrx_word' id='word_1_165' title='bbox 1170 2583 1232 2646; x_wconf 93' lang='lat' dir='ltr'><strong>fine</strong></span> <span class='ocrx_word' id='word_1_166' title='bbox 1261 2586 1333 2647; x_wconf 92' lang='lat' dir='ltr'><strong>libri</strong></span> <span class='ocrx_word' id='word_1_167' title='bbox 1358 2585 1445 2649; x_wconf 90' lang='lat' dir='ltr'><strong>finit:</strong></span> <span class='ocrx_word' id='word_1_168' title='bbox 1474 2587 1646 2648; x_wconf 86' lang='lat' dir='ltr'><strong>»omnibus</strong></span> 
     </span>
     <span class='ocr_line' id='line_1_20' title="bbox 383 2687 1648 2774; baseline 0.006 -27"><span class='ocrx_word' id='word_1_169' title='bbox 383 2687 458 2748; x_wconf 91' lang='lat' dir='ltr'><strong>insit</strong></span> <span class='ocrx_word' id='word_1_170' title='bbox 482 2687 533 2750; x_wconf 89' lang='lat' dir='ltr'><strong>vel</strong></span> <span class='ocrx_word' id='word_1_171' title='bbox 558 2688 686 2769; x_wconf 90' lang='lat' dir='ltr'><strong>quoda</strong></span> <span class='ocrx_word' id='word_1_172' title='bbox 712 2704 823 2751; x_wconf 85' lang='lat' dir='ltr'><strong>natura</strong></span> <span class='ocrx_word' id='word_1_173' title='bbox 848 2690 944 2768; x_wconf 85' lang='lat' dir='ltr'><strong>sint«,</strong></span> <span class='ocrx_word' id='word_1_174' title='bbox 969 2690 1090 2751; x_wconf 88' lang='lat' dir='ltr'><strong>habens</strong></span> <span class='ocrx_word' id='word_1_175' title='bbox 1108 2691 1139 2751; x_wconf 95' lang='lat' dir='ltr'><strong>in</strong></span> <span class='ocrx_word' id='word_1_176' title='bbox 1169 2690 1230 2752; x_wconf 89' lang='lat' dir='ltr'><strong>fine</strong></span> <span class='ocrx_word' id='word_1_177' title='bbox 1248 2693 1386 2774; x_wconf 87' lang='lat' dir='ltr'><strong>capitula</strong></span> <span class='ocrx_word' id='word_1_178' title='bbox 1412 2689 1648 2774; x_wconf 73' lang='lat' dir='ltr'><strong>questIonum.²</strong></span> 
     </span>
    </p>

    <p class='ocr_par' dir='ltr' id='par_1_7' title="bbox 383 2793 1647 3090">
     <span class='ocr_line' id='line_1_21' title="bbox 489 2793 1647 2880; baseline 0.005 -26"><span class='ocrx_word' id='word_1_179' title='bbox 489 2793 565 2854; x_wconf 87' lang='lat' dir='ltr'><strong>Item</strong></span> <span class='ocrx_word' id='word_1_180' title='bbox 592 2793 672 2856; x_wconf 92' lang='lat' dir='ltr'><strong>liber</strong></span> <span class='ocrx_word' id='word_1_181' title='bbox 689 2795 801 2857; x_wconf 91' lang='lat' dir='ltr'><strong>Isidori</strong></span> <span class='ocrx_word' id='word_1_182' title='bbox 826 2796 865 2856; x_wconf 90' lang='lat' dir='ltr'><strong>de</strong></span> <span class='ocrx_word' id='word_1_183' title='bbox 890 2817 1040 2879; x_wconf 87' lang='lat' dir='ltr'><strong>sumpmo</strong></span> <span class='ocrx_word' id='word_1_184' title='bbox 1058 2798 1156 2876; x_wconf 87' lang='lat' dir='ltr'><strong>boun,</strong></span> <span class='ocrx_word' id='word_1_185' title='bbox 1175 2798 1304 2880; x_wconf 89' lang='lat' dir='ltr'><strong>Incipit:</strong></span> <span class='ocrx_word' id='word_1_186' title='bbox 1332 2797 1493 2860; x_wconf 82' lang='lat' dir='ltr'><strong>›DomIno</strong></span> <span class='ocrx_word' id='word_1_187' title='bbox 1518 2812 1647 2860; x_wconf 90' lang='lat' dir='ltr'><strong>sanctus</strong></span> 
     </span>
     <span class='ocr_line' id='line_1_22' title="bbox 383 2899 1647 2986; baseline 0.006 -27"><span class='ocrx_word' id='word_1_188' title='bbox 383 2899 537 2977; x_wconf 81' lang='lat' dir='ltr'><strong>meritis«,</strong></span> <span class='ocrx_word' id='word_1_189' title='bbox 562 2899 601 2960; x_wconf 93' lang='lat' dir='ltr'><strong>de</strong></span> <span class='ocrx_word' id='word_1_190' title='bbox 626 2919 735 2980; x_wconf 86' lang='lat' dir='ltr'><strong>grossa</strong></span> <span class='ocrx_word' id='word_1_191' title='bbox 752 2902 854 2980; x_wconf 88' lang='lat' dir='ltr'><strong>litera,</strong></span> <span class='ocrx_word' id='word_1_192' title='bbox 873 2917 904 2963; x_wconf 91' lang='lat' dir='ltr'><strong>et</strong></span> <span class='ocrx_word' id='word_1_193' title='bbox 929 2903 960 2964; x_wconf 92' lang='lat' dir='ltr'><strong>in</strong></span> <span class='ocrx_word' id='word_1_194' title='bbox 977 2901 1040 2963; x_wconf 90' lang='lat' dir='ltr'><strong>fine</strong></span> <span class='ocrx_word' id='word_1_195' title='bbox 1065 2904 1167 2985; x_wconf 90' lang='lat' dir='ltr'><strong>prime</strong></span> <span class='ocrx_word' id='word_1_196' title='bbox 1185 2905 1302 2986; x_wconf 85' lang='lat' dir='ltr'><strong>pagine</strong></span> <span class='ocrx_word' id='word_1_197' title='bbox 1319 2904 1451 2966; x_wconf 90' lang='lat' dir='ltr'><strong>secundi</strong></span> <span class='ocrx_word' id='word_1_198' title='bbox 1468 2901 1539 2966; x_wconf 86' lang='lat' dir='ltr'><strong>folii</strong></span> <span class='ocrx_word' id='word_1_199' title='bbox 1556 2903 1647 2968; x_wconf 92' lang='lat' dir='ltr'><strong>finit:</strong></span> 
     </span>
     <span class='ocr_line' id='line_1_23' title="bbox 385 3007 1642 3090; baseline 0.004 -22"><span class='ocrx_word' id='word_1_200' title='bbox 385 3007 536 3068; x_wconf 78' lang='lat' dir='ltr'><strong>»honoris</strong></span> <span class='ocrx_word' id='word_1_201' title='bbox 558 3023 633 3069; x_wconf 92' lang='lat' dir='ltr'><strong>tunc</strong></span> <span class='ocrx_word' id='word_1_202' title='bbox 659 3009 819 3090; x_wconf 78' lang='lat' dir='ltr'><strong>penitus«,</strong></span> <span class='ocrx_word' id='word_1_203' title='bbox 844 3024 874 3071; x_wconf 90' lang='lat' dir='ltr'><strong>et</strong></span> <span class='ocrx_word' id='word_1_204' title='bbox 899 3011 931 3070; x_wconf 88' lang='lat' dir='ltr'><strong>io</strong></span> <span class='ocrx_word' id='word_1_205' title='bbox 955 3009 1019 3072; x_wconf 90' lang='lat' dir='ltr'><strong>fine</strong></span> <span class='ocrx_word' id='word_1_206' title='bbox 1037 3011 1110 3071; x_wconf 93' lang='lat' dir='ltr'><strong>libri</strong></span> <span class='ocrx_word' id='word_1_207' title='bbox 1136 3009 1223 3074; x_wconf 91' lang='lat' dir='ltr'><strong>finit:</strong></span> <span class='ocrx_word' id='word_1_208' title='bbox 1247 3010 1447 3073; x_wconf 76' lang='lat' dir='ltr'><strong>»letificando</strong></span> <span class='ocrx_word' id='word_1_209' title='bbox 1473 3012 1642 3074; x_wconf 73' lang='lat' dir='ltr'><strong>includit«.</strong></span> 
     </span>
    </p>

    <p class='ocr_par' dir='ltr' id='par_1_8' title="bbox 380 3113 1650 3518">
     <span class='ocr_line' id='line_1_24' title="bbox 489 3113 1641 3200; baseline 0.006 -26"><span class='ocrx_word' id='word_1_210' title='bbox 489 3113 567 3176; x_wconf 90' lang='lat' dir='ltr'><strong>Item</strong></span> <span class='ocrx_word' id='word_1_211' title='bbox 592 3115 673 3176; x_wconf 87' lang='lat' dir='ltr'><strong>liber</strong></span> <span class='ocrx_word' id='word_1_212' title='bbox 698 3115 809 3176; x_wconf 90' lang='lat' dir='ltr'><strong>Isidori</strong></span> <span class='ocrx_word' id='word_1_213' title='bbox 835 3131 866 3177; x_wconf 89' lang='lat' dir='ltr'><strong>et</strong></span> <span class='ocrx_word' id='word_1_214' title='bbox 882 3116 1129 3179; x_wconf 89' lang='lat' dir='ltr'><strong>ethemoliarum</strong></span> <span class='ocrx_word' id='word_1_215' title='bbox 1145 3123 1221 3196; x_wconf 82' lang='lat' dir='ltr'><strong>(sic),</strong></span> <span class='ocrx_word' id='word_1_216' title='bbox 1238 3119 1270 3179; x_wconf 93' lang='lat' dir='ltr'><strong>in</strong></span> <span class='ocrx_word' id='word_1_217' title='bbox 1296 3118 1454 3200; x_wconf 90' lang='lat' dir='ltr'><strong>priocipio</strong></span> <span class='ocrx_word' id='word_1_218' title='bbox 1479 3119 1641 3200; x_wconf 87' lang='lat' dir='ltr'><strong>quendam</strong></span> 
     </span>
     <span class='ocr_line' id='line_1_25' title="bbox 380 3221 1650 3304; baseline 0.005 -23"><span class='ocrx_word' id='word_1_219' title='bbox 380 3234 559 3300; x_wconf 87' lang='lat' dir='ltr'><strong>tractatum,</strong></span> <span class='ocrx_word' id='word_1_220' title='bbox 574 3221 687 3303; x_wconf 80' lang='lat' dir='ltr'><strong>Incipit</strong></span> <span class='ocrx_word' id='word_1_221' title='bbox 712 3221 751 3282; x_wconf 89' lang='lat' dir='ltr'><strong>de</strong></span> <span class='ocrx_word' id='word_1_222' title='bbox 775 3241 911 3303; x_wconf 92' lang='lat' dir='ltr'><strong>procesu</strong></span> <span class='ocrx_word' id='word_1_223' title='bbox 939 3221 1093 3304; x_wconf 89' lang='lat' dir='ltr'><strong>(spiritus)</strong></span> <span class='ocrx_word' id='word_1_224' title='bbox 1115 3224 1229 3298; x_wconf 89' lang='lat' dir='ltr'><strong>sancti,</strong></span> <span class='ocrx_word' id='word_1_225' title='bbox 1255 3237 1363 3286; x_wconf 83' lang='lat' dir='ltr'><strong>contra</strong></span> <span class='ocrx_word' id='word_1_226' title='bbox 1389 3223 1521 3304; x_wconf 86' lang='lat' dir='ltr'><strong>Grecos,</strong></span> <span class='ocrx_word' id='word_1_227' title='bbox 1546 3239 1577 3287; x_wconf 92' lang='lat' dir='ltr'><strong>et</strong></span> <span class='ocrx_word' id='word_1_228' title='bbox 1602 3227 1650 3287; x_wconf 90' lang='lat' dir='ltr'><strong>iu-</strong></span> 
     </span>
     <span class='ocr_line' id='line_1_26' title="bbox 384 3327 1642 3411; baseline 0.005 -24"><span class='ocrx_word' id='word_1_229' title='bbox 384 3327 477 3407; x_wconf 89' lang='lat' dir='ltr'><strong>cipit:</strong></span> <span class='ocrx_word' id='word_1_230' title='bbox 506 3327 701 3409; x_wconf 76' lang='lat' dir='ltr'><strong>»Disciplina</strong></span> <span class='ocrx_word' id='word_1_231' title='bbox 726 3348 743 3389; x_wconf 89' lang='lat' dir='ltr'><strong>a</strong></span> <span class='ocrx_word' id='word_1_232' title='bbox 768 3327 920 3390; x_wconf 88' lang='lat' dir='ltr'><strong>discendo</strong></span> <span class='ocrx_word' id='word_1_233' title='bbox 945 3348 1064 3390; x_wconf 88' lang='lat' dir='ltr'><strong>nomen</strong></span> <span class='ocrx_word' id='word_1_234' title='bbox 1092 3330 1245 3411; x_wconf 80' lang='lat' dir='ltr'><strong>accepit«,</strong></span> <span class='ocrx_word' id='word_1_235' title='bbox 1270 3344 1301 3392; x_wconf 89' lang='lat' dir='ltr'><strong>et</strong></span> <span class='ocrx_word' id='word_1_236' title='bbox 1322 3331 1353 3392; x_wconf 94' lang='lat' dir='ltr'><strong>in</strong></span> <span class='ocrx_word' id='word_1_237' title='bbox 1371 3329 1434 3392; x_wconf 90' lang='lat' dir='ltr'><strong>fine</strong></span> <span class='ocrx_word' id='word_1_238' title='bbox 1458 3331 1531 3392; x_wconf 91' lang='lat' dir='ltr'><strong>libri</strong></span> <span class='ocrx_word' id='word_1_239' title='bbox 1555 3329 1642 3394; x_wconf 85' lang='lat' dir='ltr'><strong>finit:</strong></span> 
     </span>
     <span class='ocr_line' id='line_1_27' title="bbox 386 3433 1421 3518; baseline 0.007 -27"><span class='ocrx_word' id='word_1_240' title='bbox 386 3433 539 3494; x_wconf 85' lang='lat' dir='ltr'><strong>»calcaria</strong></span> <span class='ocrx_word' id='word_1_241' title='bbox 563 3433 646 3494; x_wconf 89' lang='lat' dir='ltr'><strong>dicta</strong></span> <span class='ocrx_word' id='word_1_242' title='bbox 671 3434 745 3514; x_wconf 89' lang='lat' dir='ltr'><strong>quia</strong></span> <span class='ocrx_word' id='word_1_243' title='bbox 771 3433 803 3494; x_wconf 94' lang='lat' dir='ltr'><strong>in</strong></span> <span class='ocrx_word' id='word_1_244' title='bbox 829 3435 946 3513; x_wconf 77' lang='lat' dir='ltr'><strong>calce«,</strong></span> <span class='ocrx_word' id='word_1_245' title='bbox 972 3448 1002 3496; x_wconf 92' lang='lat' dir='ltr'><strong>et</strong></span> <span class='ocrx_word' id='word_1_246' title='bbox 1026 3450 1072 3496; x_wconf 90' lang='lat' dir='ltr'><strong>est</strong></span> <span class='ocrx_word' id='word_1_247' title='bbox 1100 3435 1140 3496; x_wconf 94' lang='lat' dir='ltr'><strong>de</strong></span> <span class='ocrx_word' id='word_1_248' title='bbox 1163 3436 1254 3498; x_wconf 89' lang='lat' dir='ltr'><strong>litera</strong></span> <span class='ocrx_word' id='word_1_249' title='bbox 1279 3437 1421 3518; x_wconf 86' lang='lat' dir='ltr'><strong>antiqua.</strong></span> 
     </span>
    </p>

    <p class='ocr_par' dir='ltr' id='par_1_9' title="bbox 489 3538 1643 3626">
     <span class='ocr_line' id='line_1_28' title="bbox 489 3538 1643 3626; baseline 0.005 -27"><span class='ocrx_word' id='word_1_250' title='bbox 489 3538 566 3600; x_wconf 91' lang='lat' dir='ltr'><strong>Item</strong></span> <span class='ocrx_word' id='word_1_251' title='bbox 591 3559 692 3600; x_wconf 91' lang='lat' dir='ltr'><strong>unum</strong></span> <span class='ocrx_word' id='word_1_252' title='bbox 709 3540 861 3600; x_wconf 89' lang='lat' dir='ltr'><strong>volumen</strong></span> <span class='ocrx_word' id='word_1_253' title='bbox 881 3561 1012 3622; x_wconf 86' lang='lat' dir='ltr'><strong>parvum</strong></span> <span class='ocrx_word' id='word_1_254' title='bbox 1032 3543 1203 3603; x_wconf 88' lang='lat' dir='ltr'><strong>continens</strong></span> <span class='ocrx_word' id='word_1_255' title='bbox 1221 3543 1328 3625; x_wconf 89' lang='lat' dir='ltr'><strong>plures</strong></span> <span class='ocrx_word' id='word_1_256' title='bbox 1344 3544 1530 3625; x_wconf 84' lang='lat' dir='ltr'><strong>questiones</strong></span> <span class='ocrx_word' id='word_1_257' title='bbox 1546 3563 1643 3626; x_wconf 90' lang='lat' dir='ltr'><strong>snper</strong></span> 
     </span>
    </p>
   </div>
   <div class='ocr_carea' id='block_1_3' title="bbox 383 3646 1747 3732">
    <p class='ocr_par' dir='ltr' id='par_1_10' title="bbox 383 3646 1747 3732">
     <span class='ocr_line' id='line_1_29' title="bbox 383 3646 1747 3732; baseline -0.001 -25"><span class='ocrx_word' id='word_1_258' title='bbox 383 3646 466 3707; x_wconf 91' lang='lat' dir='ltr'><strong>libro</strong></span> <span class='ocrx_word' id='word_1_259' title='bbox 493 3646 710 3725; x_wconf 89' lang='lat' dir='ltr'><strong>Summarum,</strong></span> <span class='ocrx_word' id='word_1_260' title='bbox 735 3659 766 3708; x_wconf 92' lang='lat' dir='ltr'><strong>et</strong></span> <span class='ocrx_word' id='word_1_261' title='bbox 790 3648 821 3708; x_wconf 94' lang='lat' dir='ltr'><strong>in</strong></span> <span class='ocrx_word' id='word_1_262' title='bbox 847 3647 951 3729; x_wconf 90' lang='lat' dir='ltr'><strong>primo</strong></span> <span class='ocrx_word' id='word_1_263' title='bbox 974 3648 1079 3710; x_wconf 88' lang='lat' dir='ltr'><strong>deleta</strong></span> <span class='ocrx_word' id='word_1_264' title='bbox 1111 3663 1167 3727; x_wconf 90' lang='lat' dir='ltr'><strong>est,</strong></span> <span class='ocrx_word' id='word_1_265' title='bbox 1192 3663 1223 3710; x_wconf 90' lang='lat' dir='ltr'><strong>et</strong></span> <span class='ocrx_word' id='word_1_266' title='bbox 1254 3650 1286 3710; x_wconf 93' lang='lat' dir='ltr'><strong>in</strong></span> <span class='ocrx_word' id='word_1_267' title='bbox 1311 3649 1373 3711; x_wconf 93' lang='lat' dir='ltr'><strong>fine</strong></span> <span class='ocrx_word' id='word_1_268' title='bbox 1399 3651 1500 3732; x_wconf 89' lang='lat' dir='ltr'><strong>prime</strong></span> <span class='ocrx_word' id='word_1_269' title='bbox 1524 3651 1641 3732; x_wconf 89' lang='lat' dir='ltr'><strong>pagine</strong></span> <span class='ocrx_word' id='word_1_270' title='bbox 1745 3701 1747 3706; x_wconf 91' lang='lat'><em>.</em></span> 
     </span>
    </p>
   </div>
   <div class='ocr_carea' id='block_1_4' title="bbox 382 3748 1643 4685">
    <p class='ocr_par' dir='ltr' id='par_1_11' title="bbox 383 3748 1640 3940">
     <span class='ocr_line' id='line_1_30' title="bbox 383 3748 1640 3834; baseline 0.006 -23"><span class='ocrx_word' id='word_1_271' title='bbox 383 3751 484 3812; x_wconf 91' lang='lat' dir='ltr'><strong>eciam</strong></span> <span class='ocrx_word' id='word_1_272' title='bbox 509 3748 578 3812; x_wconf 87' lang='lat' dir='ltr'><strong>lolii</strong></span> <span class='ocrx_word' id='word_1_273' title='bbox 602 3750 685 3815; x_wconf 90' lang='lat' dir='ltr'><strong>finit:</strong></span> <span class='ocrx_word' id='word_1_274' title='bbox 714 3751 820 3834; x_wconf 86' lang='lat' dir='ltr'><strong>»quod</strong></span> <span class='ocrx_word' id='word_1_275' title='bbox 846 3773 929 3813; x_wconf 92' lang='lat' dir='ltr'><strong>unus</strong></span> <span class='ocrx_word' id='word_1_276' title='bbox 952 3752 1135 3816; x_wconf 79' lang='lat' dir='ltr'><strong>solus&#39;deus</strong></span> <span class='ocrx_word' id='word_1_277' title='bbox 1160 3769 1238 3832; x_wconf 81' lang='lat' dir='ltr'><strong>est«,</strong></span> <span class='ocrx_word' id='word_1_278' title='bbox 1265 3769 1295 3816; x_wconf 88' lang='lat' dir='ltr'><strong>et</strong></span> <span class='ocrx_word' id='word_1_279' title='bbox 1312 3757 1342 3816; x_wconf 91' lang='lat' dir='ltr'><strong>in</strong></span> <span class='ocrx_word' id='word_1_280' title='bbox 1368 3754 1431 3816; x_wconf 91' lang='lat' dir='ltr'><strong>fine</strong></span> <span class='ocrx_word' id='word_1_281' title='bbox 1455 3755 1528 3816; x_wconf 94' lang='lat' dir='ltr'><strong>libri</strong></span> <span class='ocrx_word' id='word_1_282' title='bbox 1554 3754 1640 3820; x_wconf 90' lang='lat' dir='ltr'><strong>finit:</strong></span> 
     </span>
     <span class='ocr_line' id='line_1_31' title="bbox 387 3858 1095 3940; baseline 0.01 -25"><span class='ocrx_word' id='word_1_283' title='bbox 387 3872 436 3918; x_wconf 86' lang='lat' dir='ltr'><strong>›et</strong></span> <span class='ocrx_word' id='word_1_284' title='bbox 461 3859 491 3918; x_wconf 94' lang='lat' dir='ltr'><strong>in</strong></span> <span class='ocrx_word' id='word_1_285' title='bbox 517 3858 556 3919; x_wconf 94' lang='lat' dir='ltr'><strong>ad</strong></span> <span class='ocrx_word' id='word_1_286' title='bbox 581 3858 731 3939; x_wconf 72' lang='lat' dir='ltr'><strong>gaudia«,</strong></span> <span class='ocrx_word' id='word_1_287' title='bbox 756 3873 904 3940; x_wconf 90' lang='lat' dir='ltr'><strong>copertus</strong></span> <span class='ocrx_word' id='word_1_288' title='bbox 928 3862 1095 3924; x_wconf 87' lang='lat' dir='ltr'><strong>asseribus.</strong></span> 
     </span>
    </p>

    <p class='ocr_par' dir='ltr' id='par_1_12' title="bbox 382 3964 1643 4559">
     <span class='ocr_line' id='line_1_32' title="bbox 490 3964 1642 4051; baseline 0.006 -26"><span class='ocrx_word' id='word_1_289' title='bbox 490 3964 566 4025; x_wconf 90' lang='lat' dir='ltr'><strong>Item</strong></span> <span class='ocrx_word' id='word_1_290' title='bbox 593 3985 656 4026; x_wconf 87' lang='lat' dir='ltr'><strong>una</strong></span> <span class='ocrx_word' id='word_1_291' title='bbox 680 3966 770 4047; x_wconf 89' lang='lat' dir='ltr'><strong>glosa</strong></span> <span class='ocrx_word' id='word_1_292' title='bbox 794 3985 889 4047; x_wconf 91' lang='lat' dir='ltr'><strong>super</strong></span> <span class='ocrx_word' id='word_1_293' title='bbox 914 3967 997 4028; x_wconf 93' lang='lat' dir='ltr'><strong>libro</strong></span> <span class='ocrx_word' id='word_1_294' title='bbox 1023 3969 1211 4050; x_wconf 82' lang='lat' dir='ltr'><strong>Apokalipsi</strong></span> <span class='ocrx_word' id='word_1_295' title='bbox 1246 3969 1415 4031; x_wconf 90' lang='lat' dir='ltr'><strong>continens</strong></span> <span class='ocrx_word' id='word_1_296' title='bbox 1440 3969 1539 4032; x_wconf 86' lang='lat' dir='ltr'><strong>eciam</strong></span> <span class='ocrx_word' id='word_1_297' title='bbox 1565 3989 1642 4051; x_wconf 90' lang='lat' dir='ltr'><strong>que·</strong></span> 
     </span>
     <span class='ocr_line' id='line_1_33' title="bbox 384 4069 1642 4158; baseline 0.006 -28"><span class='ocrx_word' id='word_1_298' title='bbox 384 4069 457 4131; x_wconf 91' lang='lat' dir='ltr'><strong>dam</strong></span> <span class='ocrx_word' id='word_1_299' title='bbox 483 4071 545 4131; x_wconf 92' lang='lat' dir='ltr'><strong>alia</strong></span> <span class='ocrx_word' id='word_1_300' title='bbox 570 4072 724 4153; x_wconf 91' lang='lat' dir='ltr'><strong>opuscula</strong></span> <span class='ocrx_word' id='word_1_301' title='bbox 750 4073 781 4132; x_wconf 93' lang='lat' dir='ltr'><strong>in</strong></span> <span class='ocrx_word' id='word_1_302' title='bbox 807 4071 880 4150; x_wconf 88' lang='lat' dir='ltr'><strong>fine,</strong></span> <span class='ocrx_word' id='word_1_303' title='bbox 916 4073 1035 4134; x_wconf 87' lang='lat' dir='ltr'><strong>habens</strong></span> <span class='ocrx_word' id='word_1_304' title='bbox 1067 4075 1167 4136; x_wconf 82' lang='lat' dir='ltr'><strong>eclam</strong></span> <span class='ocrx_word' id='word_1_305' title='bbox 1202 4076 1232 4136; x_wconf 94' lang='lat' dir='ltr'><strong>in</strong></span> <span class='ocrx_word' id='word_1_306' title='bbox 1268 4075 1330 4137; x_wconf 93' lang='lat' dir='ltr'><strong>fine</strong></span> <span class='ocrx_word' id='word_1_307' title='bbox 1361 4095 1542 4158; x_wconf 86' lang='lat' dir='ltr'><strong>sumpmam</strong></span> <span class='ocrx_word' id='word_1_308' title='bbox 1567 4095 1642 4137; x_wconf 92' lang='lat' dir='ltr'><strong>con·</strong></span> 
     </span>
     <span class='ocr_line' id='line_1_34' title="bbox 383 4174 1643 4263; baseline 0.006 -27"><span class='ocrx_word' id='word_1_309' title='bbox 383 4174 539 4254; x_wconf 89' lang='lat' dir='ltr'><strong>fessionis,</strong></span> <span class='ocrx_word' id='word_1_310' title='bbox 564 4191 595 4239; x_wconf 93' lang='lat' dir='ltr'><strong>et</strong></span> <span class='ocrx_word' id='word_1_311' title='bbox 618 4178 748 4259; x_wconf 91' lang='lat' dir='ltr'><strong>incipit:</strong></span> <span class='ocrx_word' id='word_1_312' title='bbox 762 4179 1120 4261; x_wconf 80' lang='lat' dir='ltr'><strong>»Apokalipsislhesur,</strong></span> <span class='ocrx_word' id='word_1_313' title='bbox 1135 4195 1165 4242; x_wconf 92' lang='lat' dir='ltr'><strong>et</strong></span> <span class='ocrx_word' id='word_1_314' title='bbox 1184 4183 1215 4242; x_wconf 92' lang='lat' dir='ltr'><strong>in</strong></span> <span class='ocrx_word' id='word_1_315' title='bbox 1240 4181 1325 4262; x_wconf 89' lang='lat' dir='ltr'><strong>(fine)</strong></span> <span class='ocrx_word' id='word_1_316' title='bbox 1338 4181 1440 4263; x_wconf 84' lang='lat' dir='ltr'><strong>prIme</strong></span> <span class='ocrx_word' id='word_1_317' title='bbox 1454 4181 1571 4263; x_wconf 86' lang='lat' dir='ltr'><strong>pagIne</strong></span> <span class='ocrx_word' id='word_1_318' title='bbox 1595 4202 1643 4244; x_wconf 87' lang='lat' dir='ltr'><strong>se-</strong></span> 
     </span>
     <span class='ocr_line' id='line_1_35' title="bbox 383 4282 1643 4368; baseline 0.004 -25"><span class='ocrx_word' id='word_1_319' title='bbox 383 4283 479 4343; x_wconf 93' lang='lat' dir='ltr'><strong>cundi</strong></span> <span class='ocrx_word' id='word_1_320' title='bbox 505 4283 574 4344; x_wconf 90' lang='lat' dir='ltr'><strong>lolii</strong></span> <span class='ocrx_word' id='word_1_321' title='bbox 598 4282 686 4346; x_wconf 88' lang='lat' dir='ltr'><strong>finit:</strong></span> <span class='ocrx_word' id='word_1_322' title='bbox 714 4299 764 4346; x_wconf 85' lang='lat' dir='ltr'><strong>»et</strong></span> <span class='ocrx_word' id='word_1_323' title='bbox 789 4286 923 4346; x_wconf 87' lang='lat' dir='ltr'><strong>mundat</strong></span> <span class='ocrx_word' id='word_1_324' title='bbox 941 4306 999 4346; x_wconf 89' lang='lat' dir='ltr'><strong>nos</strong></span> <span class='ocrx_word' id='word_1_325' title='bbox 1023 4287 1062 4346; x_wconf 93' lang='lat' dir='ltr'><strong>ab</strong></span> <span class='ocrx_word' id='word_1_326' title='bbox 1088 4288 1176 4347; x_wconf 91' lang='lat' dir='ltr'><strong>omni</strong></span> <span class='ocrx_word' id='word_1_327' title='bbox 1195 4301 1358 4368; x_wconf 84' lang='lat' dir='ltr'><strong>peccato«,</strong></span> <span class='ocrx_word' id='word_1_328' title='bbox 1384 4301 1415 4349; x_wconf 92' lang='lat' dir='ltr'><strong>et</strong></span> <span class='ocrx_word' id='word_1_329' title='bbox 1432 4288 1463 4348; x_wconf 89' lang='lat' dir='ltr'><strong>In</strong></span> <span class='ocrx_word' id='word_1_330' title='bbox 1488 4285 1552 4349; x_wconf 91' lang='lat' dir='ltr'><strong>fine</strong></span> <span class='ocrx_word' id='word_1_331' title='bbox 1569 4288 1643 4349; x_wconf 91' lang='lat' dir='ltr'><strong>libri</strong></span> 
     </span>
     <span class='ocr_line' id='line_1_36' title="bbox 382 4387 1642 4476; baseline 0.005 -28"><span class='ocrx_word' id='word_1_332' title='bbox 382 4387 469 4450; x_wconf 91' lang='lat' dir='ltr'><strong>finit:</strong></span> <span class='ocrx_word' id='word_1_333' title='bbox 497 4390 540 4450; x_wconf 89' lang='lat' dir='ltr'><strong>›si</strong></span> <span class='ocrx_word' id='word_1_334' title='bbox 567 4409 621 4450; x_wconf 93' lang='lat' dir='ltr'><strong>cor</strong></span> <span class='ocrx_word' id='word_1_335' title='bbox 646 4410 710 4451; x_wconf 93' lang='lat' dir='ltr'><strong>non</strong></span> <span class='ocrx_word' id='word_1_336' title='bbox 736 4391 782 4452; x_wconf 90' lang='lat' dir='ltr'><strong>ori</strong></span> <span class='ocrx_word' id='word_1_337' title='bbox 808 4393 992 4470; x_wconf 90' lang='lat' dir='ltr'><strong>concordat,</strong></span> <span class='ocrx_word' id='word_1_338' title='bbox 1015 4391 1110 4453; x_wconf 84' lang='lat' dir='ltr'><strong>fessio</strong></span> <span class='ocrx_word' id='word_1_339' title='bbox 1134 4407 1267 4471; x_wconf 78' lang='lat' dir='ltr'><strong>totam«,</strong></span> <span class='ocrx_word' id='word_1_340' title='bbox 1287 4392 1407 4454; x_wconf 88' lang='lat' dir='ltr'><strong>habens</strong></span> <span class='ocrx_word' id='word_1_341' title='bbox 1431 4395 1463 4454; x_wconf 94' lang='lat' dir='ltr'><strong>in</strong></span> <span class='ocrx_word' id='word_1_342' title='bbox 1489 4413 1521 4454; x_wconf 90' lang='lat' dir='ltr'><strong>se</strong></span> <span class='ocrx_word' id='word_1_343' title='bbox 1546 4413 1642 4476; x_wconf 91' lang='lat' dir='ltr'><strong>opus-</strong></span> 
     </span>
     <span class='ocr_line' id='line_1_37' title="bbox 383 4494 929 4559; baseline 0.007 -5"><span class='ocrx_word' id='word_1_344' title='bbox 383 4494 509 4558; x_wconf 92' lang='lat' dir='ltr'><strong>culum:</strong></span> <span class='ocrx_word' id='word_1_345' title='bbox 535 4495 725 4557; x_wconf 88' lang='lat' dir='ltr'><strong>Instanciam</strong></span> <span class='ocrx_word' id='word_1_346' title='bbox 750 4497 929 4559; x_wconf 85' lang='lat' dir='ltr'><strong>salvatoris.</strong></span> 
     </span>
    </p>

    <p class='ocr_par' dir='ltr' id='par_1_13' title="bbox 491 4601 1642 4685">
     <span class='ocr_line' id='line_1_38' title="bbox 491 4601 1642 4685; baseline 0.003 -23"><span class='ocrx_word' id='word_1_347' title='bbox 491 4601 568 4663; x_wconf 91' lang='lat' dir='ltr'><strong>Item</strong></span> <span class='ocrx_word' id='word_1_348' title='bbox 595 4623 678 4664; x_wconf 92' lang='lat' dir='ltr'><strong>unus</strong></span> <span class='ocrx_word' id='word_1_349' title='bbox 703 4603 783 4664; x_wconf 88' lang='lat' dir='ltr'><strong>liber</strong></span> <span class='ocrx_word' id='word_1_350' title='bbox 807 4605 1013 4685; x_wconf 88' lang='lat' dir='ltr'><strong>questionum</strong></span> <span class='ocrx_word' id='word_1_351' title='bbox 1048 4606 1266 4684; x_wconf 85' lang='lat' dir='ltr'><strong>Summarum,</strong></span> <span class='ocrx_word' id='word_1_352' title='bbox 1297 4619 1328 4666; x_wconf 91' lang='lat' dir='ltr'><strong>et</strong></span> <span class='ocrx_word' id='word_1_353' title='bbox 1359 4604 1454 4666; x_wconf 87' lang='lat' dir='ltr'><strong>habet</strong></span> <span class='ocrx_word' id='word_1_354' title='bbox 1478 4606 1509 4666; x_wconf 92' lang='lat' dir='ltr'><strong>in</strong></span> <span class='ocrx_word' id='word_1_355' title='bbox 1534 4625 1567 4666; x_wconf 92' lang='lat' dir='ltr'><strong>se</strong></span> <span class='ocrx_word' id='word_1_356' title='bbox 1591 4625 1642 4666; x_wconf 84' lang='lat' dir='ltr'><strong>ex·</strong></span> 
     </span>
    </p>
   </div>
   <div class='ocr_carea' id='block_1_5' title="bbox 382 4793 1643 4939">
    <p class='ocr_par' dir='ltr' id='par_1_14' title="bbox 382 4793 1643 4939">
     <span class='ocr_line' id='line_1_39' title="bbox 491 4793 1643 4868; baseline 0.003 -22"><span class='ocrx_word' id='word_1_357' title='bbox 491 4794 498 4822; x_wconf 86' lang='lat'><strong>¹</strong></span> <span class='ocrx_word' id='word_1_358' title='bbox 517 4793 550 4846; x_wconf 94' lang='lat' dir='ltr'><strong>In</strong></span> <span class='ocrx_word' id='word_1_359' title='bbox 569 4793 699 4864; x_wconf 85' lang='lat' dir='ltr'><strong>margine</strong></span> <span class='ocrx_word' id='word_1_360' title='bbox 719 4793 775 4847; x_wconf 80' lang='lat' dir='ltr'><strong>alia</strong></span> <span class='ocrx_word' id='word_1_361' title='bbox 792 4812 893 4849; x_wconf 89' lang='lat' dir='ltr'><strong>manu:</strong></span> <span class='ocrx_word' id='word_1_362' title='bbox 914 4795 966 4850; x_wconf 87' lang='lat' dir='ltr'><strong>Est</strong></span> <span class='ocrx_word' id='word_1_363' title='bbox 983 4795 1055 4850; x_wconf 87' lang='lat' dir='ltr'><strong>liber</strong></span> <span class='ocrx_word' id='word_1_364' title='bbox 1071 4795 1212 4868; x_wconf 82' lang='lat' dir='ltr'><strong>JohannIs</strong></span> <span class='ocrx_word' id='word_1_365' title='bbox 1226 4794 1364 4850; x_wconf 87' lang='lat' dir='ltr'><strong>Cantoris</strong></span> <span class='ocrx_word' id='word_1_366' title='bbox 1383 4794 1420 4850; x_wconf 90' lang='lat' dir='ltr'><strong>de</strong></span> <span class='ocrx_word' id='word_1_367' title='bbox 1438 4795 1576 4850; x_wconf 87' lang='lat' dir='ltr'><strong>mandato</strong></span> <span class='ocrx_word' id='word_1_368' title='bbox 1592 4795 1643 4850; x_wconf 88' lang='lat' dir='ltr'><strong>do·</strong></span> 
     </span>
     <span class='ocr_line' id='line_1_40' title="bbox 382 4881 923 4939; baseline 0.006 -3"><span class='ocrx_word' id='word_1_369' title='bbox 382 4881 452 4936; x_wconf 91' lang='lat' dir='ltr'><strong>mini</strong></span> <span class='ocrx_word' id='word_1_370' title='bbox 470 4881 629 4937; x_wconf 86' lang='lat' dir='ltr'><strong>Eberhardi</strong></span> <span class='ocrx_word' id='word_1_371' title='bbox 650 4883 745 4937; x_wconf 87' lang='lat' dir='ltr'><strong>eidem</strong></span> <span class='ocrx_word' id='word_1_372' title='bbox 764 4884 923 4939; x_wconf 87' lang='lat' dir='ltr'><strong>restitutus.</strong></span> 
     </span>
    </p>
   </div>
   <div class='ocr_carea' id='block_1_6' title="bbox 382 4972 1642 5097">
    <p class='ocr_par' dir='ltr' id='par_1_15' title="bbox 382 4972 1642 5097">
     <span class='ocr_line' id='line_1_41' title="bbox 382 4972 1642 5096; baseline 0.006 -73"><span class='ocrx_word' id='word_1_373' title='bbox 382 5048 414 5096; x_wconf 65' lang='lat' dir='ltr'>m</span> <span class='ocrx_word' id='word_1_374' title='bbox 491 4974 500 5001; x_wconf 86' lang='lat'><strong>²</strong></span> <span class='ocrx_word' id='word_1_375' title='bbox 518 4972 551 5024; x_wconf 93' lang='lat' dir='ltr'><strong>In</strong></span> <span class='ocrx_word' id='word_1_376' title='bbox 569 4972 700 5043; x_wconf 88' lang='lat' dir='ltr'><strong>margine</strong></span> <span class='ocrx_word' id='word_1_377' title='bbox 720 4973 776 5027; x_wconf 84' lang='lat' dir='ltr'><strong>alia</strong></span> <span class='ocrx_word' id='word_1_378' title='bbox 795 4991 894 5028; x_wconf 86' lang='lat' dir='ltr'><strong>manu:</strong></span> <span class='ocrx_word' id='word_1_379' title='bbox 914 4974 967 5028; x_wconf 91' lang='lat' dir='ltr'><strong>Est</strong></span> <span class='ocrx_word' id='word_1_380' title='bbox 986 4974 1115 5029; x_wconf 91' lang='lat' dir='ltr'><strong>eiusdem</strong></span> <span class='ocrx_word' id='word_1_381' title='bbox 1135 4974 1273 5028; x_wconf 84' lang='lat' dir='ltr'><strong>Cantoris</strong></span> <span class='ocrx_word' id='word_1_382' title='bbox 1296 4972 1426 5028; x_wconf 87' lang='lat' dir='ltr'><strong>similiter</strong></span> <span class='ocrx_word' id='word_1_383' title='bbox 1446 4973 1541 5028; x_wconf 89' lang='lat' dir='ltr'><strong>eidem</strong></span> <span class='ocrx_word' id='word_1_384' title='bbox 1560 4974 1642 5030; x_wconf 89' lang='lat' dir='ltr'><strong>resti-</strong></span> 
     </span>
     <span class='ocr_line' id='line_1_42' title="bbox 414 5049 469 5097; baseline 0.036 -2"><span class='ocrx_word' id='word_1_385' title='bbox 414 5049 469 5097; x_wconf 72' lang='grc' dir='ltr'><strong>ωε.</strong></span> 
     </span>
    </p>
   </div>
   <div class='ocr_carea' id='block_1_7' title="bbox 0 0 1911 5806">
    <p class='ocr_par' dir='ltr' id='par_1_16' title="bbox 0 0 1911 5806">
     <span class='ocr_line' id='line_1_43' title="bbox 0 0 1911 5806; baseline 0 0"><span class='ocrx_word' id='word_1_386' title='bbox 0 0 1911 5806; x_wconf 95' lang='lat' dir='ltr'><strong> </strong></span> 
     </span>
    </p>
   </div>
  </div>
 </body>
</html>
