3810 5806
779 603 982 685 Anno1482.
1411 649 1412 652 η
1472 609 1510 688 65

354 818 452 892 Quod
477 818 552 901 quia
575 820 623 880 vir
640 819 795 900 providus
812 832 842 882 et
859 819 1013 881 honestus
1030 820 1176 882 Andreas
1192 833 1281 883 sutor
1306 820 1372 882 Lab
1391 821 1504 901 dictus,

249 925 392 986 concivis
416 938 534 1005 noster,
559 945 642 987 unus
666 939 696 987 et
720 926 897 1006 legittimus
929 926 1166 988 commissarius
1191 939 1221 988 et
1245 942 1394 988 executor
1419 941 1512 989 testa·

248 1031 347 1091 menti
372 1031 511 1092 verbalis
534 1035 633 1114 probe
659 1032 797 1093 condam
817 1033 962 1094 mulieris
987 1032 1100 1094 Vrsula
1131 1045 1253 1110 vocate,
1279 1048 1396 1095 eotunc
1420 1034 1511 1115 legit·

248 1137 324 1199 time
351 1139 458 1199 uxoris
481 1159 548 1217 sue,
573 1139 683 1201 relicte
716 1158 793 1200 vero
825 1139 966 1222 primum
999 1139 1136 1200 condam
1169 1138 1297 1220 providi
1323 1154 1353 1201 et
1377 1141 1511 1202 circum·

249 1245 346 1326 specti
374 1245 477 1306 Kirini
503 1246 630 1323 sutoris,
664 1245 742 1306 olim
776 1246 923 1308 similiter
955 1245 1098 1307 concivis
1130 1246 1240 1323 nostri,
1272 1246 1434 1327 quandam
1467 1247 1512 1308 vi·

247 1371 339 1412 neam
366 1352 465 1433 ipsius
489 1352 627 1414 condam
653 1353 765 1414 Vrsule
799 1352 944 1414 mulieris
969 1353 1000 1412 in
1033 1351 1194 1413 territorio
1220 1365 1330 1413 nostro
1354 1372 1410 1414 seu
1435 1353 1510 1414 civi-

247 1458 319 1518 tatis
342 1457 463 1540 prelate
489 1459 520 1519 in
546 1459 709 1521 vicinitate
734 1458 884 1520 videlicet
907 1459 1000 1519 vinee
1032 1458 1186 1520 heredum
1211 1478 1267 1519 seu
1291 1477 1509 1521 successorum

247 1563 382 1625 condam
409 1564 535 1646 providi
561 1577 592 1627 et
616 1565 741 1626 bonesti
767 1565 863 1626 Blasii
894 1563 1059 1641 institoris,
1094 1584 1110 1624 a
1136 1563 1352 1642 meridionali,
1376 1580 1406 1626 et
1430 1564 1512 1626 inter

247 1669 325 1730 duas
349 1671 416 1731 vias
440 1691 641 1749 communes,
666 1690 762 1732 unam
790 1673 830 1731 ab
863 1671 1030 1732 occidente
1055 1683 1086 1731 et
1118 1669 1214 1730 aliam
1239 1689 1254 1730 a
1280 1670 1511 1752 septemtrione

246 1776 332 1852 sitas,
358 1776 499 1838 habitam
524 1792 555 1838 et
579 1779 779 1854 existentem,
794 1777 943 1838 Michaeli
970 1775 1182 1858 Opprasnych
1210 1797 1246 1838 ac
1270 1795 1325 1858 per
1349 1795 1422 1837 eum
1446 1777 1511 1838 suis

248 1881 419 1945 heredibus
444 1903 502 1966 pro
526 1885 638 1966 viginti
665 1883 733 1946 flor.
759 1883 905 1946 vendidit
929 1884 996 1964 jure
1014 1897 1171 1966 perpetuo
1196 1882 1441 1964 possidendam;
1460 1883 1508 1944 cui
1544 1937 1550 1947 .

247 1989 319 2051 data
344 2006 391 2051 est
414 1991 504 2053 litera
530 2006 561 2052 et
584 2005 732 2052 emanata
760 1991 982 2073 privilegialis.

353 2096 429 2158 ltem
455 2097 530 2178 quia
556 2099 771 2160 communitas
796 2096 914 2158 civium
940 2096 1077 2158 civitatis
1103 2094 1384 2176 Montisgrecensis
1408 2113 1510 2174 quan·

246 2201 319 2263 dam
346 2204 534 2285 particulam
560 2204 732 2282 vinealem,
757 2224 820 2286 que
849 2203 1016 2264 cuiusdam
1049 2202 1187 2264 condam
1214 2201 1369 2263 Anthonii
1393 2199 1511 2262 sutoris

245 2309 324 2370 olim
349 2311 490 2372 concivis
515 2312 613 2373 nostri
639 2309 810 2393 prefuerat,
836 2311 867 2372 in
890 2310 1052 2372 territorio
1071 2323 1180 2370 nostro
1205 2328 1261 2370 seu
1286 2307 1423 2369 civitatis
1439 2327 1509 2389 pre·

246 2415 309 2477 late
334 2417 416 2479 inter
440 2418 566 2478 vineam
591 2417 650 2478 viri
676 2417 841 2499 prudentis
865 2431 895 2478 et
921 2415 1143 2497 circumspecti
1163 2413 1325 2476 Dominici
1351 2411 1408 2474 filii
1435 2433 1509 2475 con·

246 2523 320 2583 dam
345 2523 501 2584 lobannis
527 2523 700 2606 Perowycb
726 2522 888 2584 mediante
906 2522 1047 2604 quodam
1073 2521 1178 2582 rivulo
1202 2539 1258 2582 seu
1282 2517 1402 2582 fossato
1427 2539 1509 2601 aque

245 2629 397 2710 pluvialis
421 2631 621 2708 decurrente,
645 2631 685 2690 ab
710 2649 773 2690 una
798 2629 947 2690 videlicet
971 2648 987 2690 a
1017 2627 1222 2688 meridionali
1248 2641 1346 2708 parte,
1370 2638 1401 2687 et
1426 2627 1507 2686 inter

245 2736 340 2797 aliam
367 2737 556 2818 particulam
589 2735 749 2797 vinealem
782 2754 1002 2797 successorum
1039 2731 1151 2816 prefati
1184 2733 1321 2793 condam
1352 2731 1508 2793 Anthonii

245 2843 371 2920 sutoris,
397 2846 436 2904 ab
460 2843 558 2904 altera
592 2842 741 2904 videlicet
772 2862 790 2902 a
821 2840 1075 2922 septemtrionali
1109 2853 1216 2922 parte,
1249 2839 1385 2919 desuper
1416 2838 1508 2898 avia

246 2949 410 3009 communi
435 2951 475 3009 ab
498 2948 664 3010 occidente
687 2961 718 3010 et
747 2945 829 3008 infra
861 2966 963 3028 usque
997 2947 1093 3007 aliam
1126 2945 1209 3006 viam
1235 2963 1442 3006 communem
1468 2945 1507 3004 ab

246 3055 368 3116 oriente
394 3055 535 3117 habitam
561 3069 592 3116 et
609 3055 808 3132 existentem,
827 3053 924 3116 Gallo
949 3053 1049 3114 sutori
1067 3052 1105 3112 de
1123 3052 1279 3112 suburbio
1303 3063 1410 3112 nostre
1429 3049 1504 3111 civi·

247 3161 318 3222 tatis
342 3181 400 3244 pro
425 3161 574 3224 undecim
600 3160 671 3222 flor.
696 3161 764 3222 auri
788 3159 1011 3236 vendidimus;
1044 3158 1095 3220 cui
1128 3157 1200 3218 data
1226 3169 1272 3217 est
1296 3155 1385 3216 litera
1411 3155 1507 3237 privi-

247 3267 380 3348 legialis.

352 3375 449 3448 Quod
467 3375 541 3456 quia
560 3375 707 3456 egregius
720 3373 870 3455 magister
885 3373 996 3434 Petrus
1013 3372 1052 3432 de
1071 3369 1245 3432 Gwdowcz
1267 3367 1357 3448 regni
1374 3366 1506 3428 Sclauo·

247 3482 298 3542 nie
337 3481 618 3564 prothonotarius,
650 3493 802 3543 executor
834 3479 970 3542 condam
1012 3477 1132 3558 egregii
1165 3473 1321 3536 lobannis
1353 3474 1506 3553 Lobogos

246 3588 324 3649 olim
350 3587 512 3650 castellani
538 3587 629 3649 castri
660 3585 797 3665 Medwe,
828 3605 885 3667 per
917 3583 1056 3646 eundem
1089 3583 1268 3644 lobannem
1295 3581 1448 3661 Lobogos
1472 3578 1503 3638 in

246 3695 395 3756 extremis
411 3694 475 3756 vite
498 3713 555 3756 sue
584 3693 730 3776 (domum
748 3690 853 3773 suam)
869 3691 964 3752 vendi
990 3705 1021 3752 et
1039 3708 1096 3772 pro
1121 3687 1227 3749 anima
1252 3707 1308 3747 sua
1326 3685 1501 3766 dispensari

245 3800 460 3878 commissam,
474 3819 536 3880 que
561 3799 677 3860 domus
694 3797 831 3860 condam
850 3797 945 3858 Blasii
962 3796 1164 3879 Sthenyczlty
1183 3789 1353 3875 prefuerat,
1372 3790 1502 3872 egregio

246 3906 421 3968 Balthasari
439 3906 478 3966 de
496 3905 578 3986 Alap
596 3925 631 3966 ac
648 3924 704 3986 per
721 3923 794 3965 eum
817 3903 883 3964 suis
907 3902 1078 3964 heredibus
1095 3919 1153 3982 pro
1177 3912 1305 3960 centum
1323 3911 1354 3958 et
1370 3895 1506 3978 quadra-

244 4014 333 4094 ginta
350 4013 418 4074 flor.
444 4011 606 4088 vendidit;
631 4011 681 4072 cui
705 4011 777 4072 data
802 4024 848 4071 est
872 4009 963 4070 litera
988 4005 1205 4090 privilegialis.

352 4120 449 4195 Quod
475 4120 549 4202 quia
570 4118 743 4180 Valentino
761 4118 860 4179 sutori
878 4115 1036 4177 moderno
1055 4113 1156 4192 jurato
1174 4125 1283 4173 nostro
1303 4110 1393 4171 litera
1410 4109 1506 4191 privi-

245 4227 371 4309 legialis
395 4245 490 4309 super
523 4225 686 4308 quandam
718 4224 847 4286 vineam
879 4241 969 4284 suam
1004 4221 1035 4282 in
1067 4218 1229 4282 territorio
1263 4217 1346 4278 dicte
1371 4215 1507 4276 civitatis

245 4334 327 4395 inter
349 4333 474 4394 vineam
502 4331 656 4392 incultam
681 4349 737 4392 seu
769 4329 927 4390 desertam
959 4327 1099 4388 condam
1126 4325 1216 4386 Pauli
1244 4321 1414 4404 Jagichicz,
1439 4335 1506 4382 ten-

244 4441 374 4503 dentem
399 4459 415 4501 a
440 4439 534 4521 plaga
553 4437 713 4514 orientali,
737 4436 888 4498 videlicet
905 4455 923 4496 a
948 4435 997 4495 via
1018 4433 1182 4495 communi
1200 4443 1231 4492 et
1247 4429 1391 4512 pervenit
1405 4446 1506 4508 usque

243 4546 284 4608 ad
308 4545 426 4608 vallem
450 4565 507 4606 seu
533 4544 702 4606 decursum
728 4562 810 4624 aque
835 4541 986 4625 pluvialis
1010 4560 1027 4601 a
1052 4553 1140 4621 parte
1170 4535 1386 4613 meridionali,
1412 4547 1443 4594 et
1466 4534 1505 4594 ab

243 4653 360 4715 eodem
385 4652 629 4733 decursusque
665 4649 817 4732 pluvialis
848 4669 904 4732 per
936 4647 1073 4709 eandem
1104 4659 1226 4728 partem
1258 4640 1505 4704 meridionalem

242 4759 387 4822 ascendit
410 4759 449 4821 ad
475 4771 597 4841 partem
623 4756 856 4820 occidentalem
882 4755 1029 4816 similiter
1061 4771 1162 4833 usque
1187 4751 1272 4812 viam
1297 4766 1504 4810 communem

244 4869 326 4930 inter
350 4880 381 4928 et
403 4885 503 4949 penes
529 4865 656 4926 vineam
681 4862 836 4924 heredum
861 4881 917 4924 seu
934 4879 1153 4922 successorum
1179 4857 1316 4919 condam
1341 4853 1504 4915 Valentini

242 4974 359 5036 sutoris
376 4969 593 5055 Kothynnycb
611 4970 727 5049 dicti,a
746 4967 866 5050 prefata
884 4981 971 5050 parte
987 4966 1191 5028 meridionali
1210 4978 1240 5026 et
1257 4963 1338 5024 inter
1354 4974 1416 5022 tres
1438 4959 1506 5020 vias

244 5100 443 5160 communes,
460 5098 522 5142 una
548 5081 587 5142 ab
605 5077 796 5140 occidentali
814 5095 939 5138 necnon
958 5071 1212 5156 septemtrionali
1230 5071 1269 5131 ab
1291 5065 1505 5149 orientalique

1382 5193 1397 5240 2
