<?xml version="1.0" encoding="UTF-8"?>
<!DOCTYPE html PUBLIC "-//W3C//DTD XHTML 1.0 Transitional//EN"
    "http://www.w3.org/TR/xhtml1/DTD/xhtml1-transitional.dtd">
<html xmlns="http://www.w3.org/1999/xhtml" xml:lang="en" lang="en">
 <head>
  <title>
</title>
<meta http-equiv="Content-Type" content="text/html;charset=utf-8" />
  <meta name='ocr-system' content='tesseract 3.04.00' />
  <meta name='ocr-capabilities' content='ocr_page ocr_carea ocr_par ocr_line ocrx_word'/>
</head>
<body>
  <div class='ocr_page' id='page_1' title='image "./monumentahistor19laszgoog_0182.png"; bbox 0 0 3810 5806; ppageno 0'>
   <div class='ocr_carea' id='block_1_1' title="bbox 401 553 1114 639">
    <p class='ocr_par' dir='ltr' id='par_1_1' title="bbox 401 553 1114 639">
     <span class='ocr_line' id='line_1_1' title="bbox 401 553 1114 639; baseline -0.013 -21"><span class='ocrx_word' id='word_1_1' title='bbox 401 576 460 639; x_wconf 81' lang='lat'>130</span> <span class='ocrx_word' id='word_1_2' title='bbox 928 553 1114 617; x_wconf 70' lang='lat' dir='ltr'>lnvman’a.</span> 
     </span>
    </p>
   </div>
   <div class='ocr_carea' id='block_1_2' title="bbox 376 762 1665 5100">
    <p class='ocr_par' dir='ltr' id='par_1_2' title="bbox 503 762 1660 845">
     <span class='ocr_line' id='line_1_2' title="bbox 503 762 1660 845; baseline -0.003 -17"><span class='ocrx_word' id='word_1_3' title='bbox 503 767 580 829; x_wconf 87' lang='lat' dir='ltr'>ltem</span> <span class='ocrx_word' id='word_1_4' title='bbox 605 785 706 828; x_wconf 90' lang='lat' dir='ltr'>unum</span> <span class='ocrx_word' id='word_1_5' title='bbox 730 765 818 827; x_wconf 92' lang='lat' dir='ltr'>aliud</span> <span class='ocrx_word' id='word_1_6' title='bbox 843 764 875 826; x_wconf 93' lang='lat' dir='ltr'>in</span> <span class='ocrx_word' id='word_1_7' title='bbox 900 783 1008 845; x_wconf 88' lang='lat' dir='ltr'>panno</span> <span class='ocrx_word' id='word_1_8' title='bbox 1033 764 1108 826; x_wconf 89' lang='lat' dir='ltr'>albo</span> <span class='ocrx_word' id='word_1_9' title='bbox 1132 763 1246 826; x_wconf 89' lang='lat' dir='ltr'>sericio</span> <span class='ocrx_word' id='word_1_10' title='bbox 1271 782 1343 824; x_wconf 91' lang='lat' dir='ltr'>cum</span> <span class='ocrx_word' id='word_1_11' title='bbox 1369 762 1518 825; x_wconf 86' lang='lat' dir='ltr'>leonibus</span> <span class='ocrx_word' id='word_1_12' title='bbox 1543 763 1660 825; x_wconf 89' lang='lat' dir='ltr'>aureis.</span> 
     </span>
    </p>

    <p class='ocr_par' dir='ltr' id='par_1_3' title="bbox 503 870 1661 954">
     <span class='ocr_line' id='line_1_3' title="bbox 503 870 1661 954; baseline -0.003 -18"><span class='ocrx_word' id='word_1_13' title='bbox 503 875 580 936; x_wconf 87' lang='lat' dir='ltr'><strong>Item</strong></span> <span class='ocrx_word' id='word_1_14' title='bbox 605 892 707 936; x_wconf 89' lang='lat' dir='ltr'>unum</span> <span class='ocrx_word' id='word_1_15' title='bbox 723 871 811 934; x_wconf 89' lang='lat' dir='ltr'>aliud</span> <span class='ocrx_word' id='word_1_16' title='bbox 836 871 875 932; x_wconf 87' lang='lat' dir='ltr'>de</span> <span class='ocrx_word' id='word_1_17' title='bbox 893 891 1001 954; x_wconf 89' lang='lat' dir='ltr'>panno</span> <span class='ocrx_word' id='word_1_18' title='bbox 1017 871 1232 953; x_wconf 88' lang='lat' dir='ltr'>damasquino</span> <span class='ocrx_word' id='word_1_19' title='bbox 1249 889 1348 933; x_wconf 88' lang='lat' dir='ltr'>aureo</span> <span class='ocrx_word' id='word_1_20' title='bbox 1366 870 1397 932; x_wconf 91' lang='lat' dir='ltr'>in</span> <span class='ocrx_word' id='word_1_21' title='bbox 1416 889 1531 954; x_wconf 87' lang='lat' dir='ltr'>campo</span> <span class='ocrx_word' id='word_1_22' title='bbox 1549 872 1661 932; x_wconf 89' lang='lat' dir='ltr'>rubeo.</span> 
     </span>
    </p>

    <p class='ocr_par' dir='ltr' id='par_1_4' title="bbox 397 977 1660 1170">
     <span class='ocr_line' id='line_1_4' title="bbox 506 977 1660 1060; baseline -0.004 -17"><span class='ocrx_word' id='word_1_23' title='bbox 506 981 583 1043; x_wconf 88' lang='lat' dir='ltr'>ltem</span> <span class='ocrx_word' id='word_1_24' title='bbox 608 999 708 1042; x_wconf 89' lang='lat' dir='ltr'>unum</span> <span class='ocrx_word' id='word_1_25' title='bbox 742 978 830 1040; x_wconf 85' lang='lat' dir='ltr'>aliud</span> <span class='ocrx_word' id='word_1_26' title='bbox 861 979 900 1040; x_wconf 91' lang='lat' dir='ltr'>de</span> <span class='ocrx_word' id='word_1_27' title='bbox 932 979 1042 1041; x_wconf 86' lang='lat' dir='ltr'>veluto</span> <span class='ocrx_word' id='word_1_28' title='bbox 1074 977 1209 1060; x_wconf 87' lang='lat' dir='ltr'>figurato</span> <span class='ocrx_word' id='word_1_29' title='bbox 1241 997 1315 1040; x_wconf 93' lang='lat' dir='ltr'>cum</span> <span class='ocrx_word' id='word_1_30' title='bbox 1352 979 1466 1040; x_wconf 88' lang='lat' dir='ltr'>avibus</span> <span class='ocrx_word' id='word_1_31' title='bbox 1498 977 1603 1038; x_wconf 88' lang='lat' dir='ltr'>aureis</span> <span class='ocrx_word' id='word_1_32' title='bbox 1628 977 1660 1038; x_wconf 91' lang='lat' dir='ltr'>in</span> 
     </span>
     <span class='ocr_line' id='line_1_5' title="bbox 397 1087 796 1170; baseline -0.01 -20"><span class='ocrx_word' id='word_1_33' title='bbox 397 1107 513 1170; x_wconf 87' lang='lat' dir='ltr'>campo</span> <span class='ocrx_word' id='word_1_34' title='bbox 538 1087 639 1149; x_wconf 87' lang='lat' dir='ltr'>rubeo</span> <span class='ocrx_word' id='word_1_35' title='bbox 664 1104 796 1147; x_wconf 87' lang='lat' dir='ltr'>novum.</span> 
     </span>
    </p>

    <p class='ocr_par' dir='ltr' id='par_1_5' title="bbox 376 1189 1660 1363">
     <span class='ocr_line' id='line_1_6' title="bbox 376 1189 1660 1282; baseline -0.005 -27"><span class='ocrx_word' id='word_1_36' title='bbox 376 1269 381 1282; x_wconf 34' lang='grc' dir='ltr'><strong><em>Ι</em></strong></span> <span class='ocrx_word' id='word_1_37' title='bbox 503 1193 581 1255; x_wconf 87' lang='lat' dir='ltr'>Item</span> <span class='ocrx_word' id='word_1_38' title='bbox 606 1211 706 1254; x_wconf 91' lang='lat' dir='ltr'>unum</span> <span class='ocrx_word' id='word_1_39' title='bbox 740 1190 828 1253; x_wconf 88' lang='lat' dir='ltr'>aliud</span> <span class='ocrx_word' id='word_1_40' title='bbox 860 1190 900 1252; x_wconf 90' lang='lat' dir='ltr'>de</span> <span class='ocrx_word' id='word_1_41' title='bbox 931 1189 1093 1252; x_wconf 81' lang='lat' dir='ltr'>aurifrisio</span> <span class='ocrx_word' id='word_1_42' title='bbox 1118 1210 1189 1252; x_wconf 93' lang='lat' dir='ltr'>cum</span> <span class='ocrx_word' id='word_1_43' title='bbox 1223 1191 1337 1253; x_wconf 89' lang='lat' dir='ltr'>ceteris</span> <span class='ocrx_word' id='word_1_44' title='bbox 1368 1189 1587 1273; x_wconf 88' lang='lat' dir='ltr'>compassibus</span> <span class='ocrx_word' id='word_1_45' title='bbox 1621 1189 1660 1250; x_wconf 88' lang='lat' dir='ltr'>de</span> 
     </span>
     <span class='ocr_line' id='line_1_7' title="bbox 396 1297 939 1363; baseline -0.007 0"><span class='ocrx_word' id='word_1_46' title='bbox 396 1301 497 1363; x_wconf 90' lang='lat' dir='ltr'>serico</span> <span class='ocrx_word' id='word_1_47' title='bbox 521 1300 612 1362; x_wconf 91' lang='lat' dir='ltr'>rubei</span> <span class='ocrx_word' id='word_1_48' title='bbox 638 1313 669 1362; x_wconf 87' lang='lat' dir='ltr'>et</span> <span class='ocrx_word' id='word_1_49' title='bbox 691 1298 786 1360; x_wconf 88' lang='lat' dir='ltr'>viridi</span> <span class='ocrx_word' id='word_1_50' title='bbox 811 1297 939 1360; x_wconf 91' lang='lat' dir='ltr'>coloris.</span> 
     </span>
    </p>

    <p class='ocr_par' dir='ltr' id='par_1_6' title="bbox 397 1403 1659 1592">
     <span class='ocr_line' id='line_1_8' title="bbox 502 1403 1659 1488; baseline -0.003 -20"><span class='ocrx_word' id='word_1_51' title='bbox 502 1405 578 1470; x_wconf 86' lang='lat' dir='ltr'>ltem</span> <span class='ocrx_word' id='word_1_52' title='bbox 604 1424 706 1468; x_wconf 92' lang='lat' dir='ltr'>unum</span> <span class='ocrx_word' id='word_1_53' title='bbox 730 1404 819 1466; x_wconf 84' lang='lat' dir='ltr'>aliud</span> <span class='ocrx_word' id='word_1_54' title='bbox 843 1403 883 1466; x_wconf 90' lang='lat' dir='ltr'>de</span> <span class='ocrx_word' id='word_1_55' title='bbox 900 1423 1008 1486; x_wconf 88' lang='lat' dir='ltr'>panno</span> <span class='ocrx_word' id='word_1_56' title='bbox 1032 1423 1131 1465; x_wconf 88' lang='lat' dir='ltr'>aureo</span> <span class='ocrx_word' id='word_1_57' title='bbox 1156 1423 1229 1465; x_wconf 92' lang='lat' dir='ltr'>cum</span> <span class='ocrx_word' id='word_1_58' title='bbox 1246 1403 1339 1466; x_wconf 89' lang='lat' dir='ltr'>certis</span> <span class='ocrx_word' id='word_1_59' title='bbox 1363 1403 1568 1488; x_wconf 82' lang='lat' dir='ltr'>ymaginibus</span> <span class='ocrx_word' id='word_1_60' title='bbox 1592 1403 1659 1465; x_wconf 90' lang='lat' dir='ltr'>leo-</span> 
     </span>
     <span class='ocr_line' id='line_1_9' title="bbox 397 1509 1493 1592; baseline -0.003 -17"><span class='ocrx_word' id='word_1_61' title='bbox 397 1533 473 1576; x_wconf 86' lang='lat' dir='ltr'>num</span> <span class='ocrx_word' id='word_1_62' title='bbox 499 1527 529 1574; x_wconf 88' lang='lat' dir='ltr'>et</span> <span class='ocrx_word' id='word_1_63' title='bbox 553 1512 742 1574; x_wconf 88' lang='lat' dir='ltr'>animalium</span> <span class='ocrx_word' id='word_1_64' title='bbox 767 1511 799 1572; x_wconf 92' lang='lat' dir='ltr'>in</span> <span class='ocrx_word' id='word_1_65' title='bbox 825 1529 939 1592; x_wconf 91' lang='lat' dir='ltr'>campo</span> <span class='ocrx_word' id='word_1_66' title='bbox 963 1511 1084 1586; x_wconf 81' lang='lat' dir='ltr'>tube03</span> <span class='ocrx_word' id='word_1_67' title='bbox 1109 1510 1170 1572; x_wconf 90' lang='lat' dir='ltr'>alia</span> <span class='ocrx_word' id='word_1_68' title='bbox 1196 1529 1272 1572; x_wconf 86' lang='lat' dir='ltr'>vero</span> <span class='ocrx_word' id='word_1_69' title='bbox 1298 1509 1493 1572; x_wconf 90' lang='lat' dir='ltr'>communia.</span> 
     </span>
    </p>

    <p class='ocr_par' dir='ltr' id='par_1_7' title="bbox 396 1615 1660 1911">
     <span class='ocr_line' id='line_1_10' title="bbox 502 1615 1658 1699; baseline -0.003 -19"><span class='ocrx_word' id='word_1_70' title='bbox 502 1620 579 1682; x_wconf 89' lang='lat' dir='ltr'>Item</span> <span class='ocrx_word' id='word_1_71' title='bbox 605 1638 668 1680; x_wconf 91' lang='lat' dir='ltr'>una</span> <span class='ocrx_word' id='word_1_72' title='bbox 685 1618 767 1680; x_wconf 88' lang='lat' dir='ltr'>stola</span> <span class='ocrx_word' id='word_1_73' title='bbox 784 1615 962 1678; x_wconf 77' lang='lat' dir='ltr'>aurifrisata</span> <span class='ocrx_word' id='word_1_74' title='bbox 980 1635 1053 1678; x_wconf 89' lang='lat' dir='ltr'>cum</span> <span class='ocrx_word' id='word_1_75' title='bbox 1071 1616 1278 1699; x_wconf 82' lang='lat' dir='ltr'>ymaginibus</span> <span class='ocrx_word' id='word_1_76' title='bbox 1301 1631 1485 1678; x_wconf 88' lang='lat' dir='ltr'>sanctorum</span> <span class='ocrx_word' id='word_1_77' title='bbox 1510 1615 1550 1676; x_wconf 85' lang='lat' dir='ltr'>de</span> <span class='ocrx_word' id='word_1_78' title='bbox 1567 1635 1658 1694; x_wconf 91' lang='lat' dir='ltr'>auro,</span> 
     </span>
     <span class='ocr_line' id='line_1_11' title="bbox 396 1722 1660 1808; baseline -0.005 -20"><span class='ocrx_word' id='word_1_79' title='bbox 396 1727 427 1787; x_wconf 92' lang='lat' dir='ltr'>in</span> <span class='ocrx_word' id='word_1_80' title='bbox 454 1745 592 1807; x_wconf 92' lang='lat' dir='ltr'>quorum</span> <span class='ocrx_word' id='word_1_81' title='bbox 611 1724 859 1808; x_wconf 89' lang='lat' dir='ltr'>dyadematibus</span> <span class='ocrx_word' id='word_1_82' title='bbox 882 1737 957 1784; x_wconf 90' lang='lat' dir='ltr'>sunt</span> <span class='ocrx_word' id='word_1_83' title='bbox 980 1723 1068 1804; x_wconf 92' lang='lat' dir='ltr'>perle</span> <span class='ocrx_word' id='word_1_84' title='bbox 1086 1735 1117 1785; x_wconf 95' lang='lat' dir='ltr'>et</span> <span class='ocrx_word' id='word_1_85' title='bbox 1138 1722 1249 1784; x_wconf 90' lang='lat' dir='ltr'>coralli</span> <span class='ocrx_word' id='word_1_86' title='bbox 1267 1723 1300 1784; x_wconf 91' lang='lat' dir='ltr'>in</span> <span class='ocrx_word' id='word_1_87' title='bbox 1318 1741 1433 1804; x_wconf 88' lang='lat' dir='ltr'>campo</span> <span class='ocrx_word' id='word_1_88' title='bbox 1457 1722 1569 1800; x_wconf 90' lang='lat' dir='ltr'>rubeo,</span> <span class='ocrx_word' id='word_1_89' title='bbox 1586 1724 1660 1783; x_wconf 91' lang='lat' dir='ltr'>sub·</span> 
     </span>
     <span class='ocr_line' id='line_1_12' title="bbox 396 1828 1478 1911; baseline -0.003 -18"><span class='ocrx_word' id='word_1_90' title='bbox 396 1832 491 1894; x_wconf 89' lang='lat' dir='ltr'>ducta</span> <span class='ocrx_word' id='word_1_91' title='bbox 516 1832 556 1894; x_wconf 94' lang='lat' dir='ltr'>de</span> <span class='ocrx_word' id='word_1_92' title='bbox 580 1831 727 1893; x_wconf 89' lang='lat' dir='ltr'>cendano</span> <span class='ocrx_word' id='word_1_93' title='bbox 752 1830 856 1892; x_wconf 85' lang='lat' dir='ltr'>blavci</span> <span class='ocrx_word' id='word_1_94' title='bbox 881 1829 998 1891; x_wconf 88' lang='lat' dir='ltr'>coloris</span> <span class='ocrx_word' id='word_1_95' title='bbox 1022 1831 1143 1910; x_wconf 85' lang='lat' dir='ltr'>absque</span> <span class='ocrx_word' id='word_1_96' title='bbox 1178 1829 1346 1911; x_wconf 88' lang='lat' dir='ltr'>manipulo</span> <span class='ocrx_word' id='word_1_97' title='bbox 1370 1828 1478 1890; x_wconf 86' lang='lat' dir='ltr'>simili.</span> 
     </span>
    </p>

    <p class='ocr_par' dir='ltr' id='par_1_8' title="bbox 397 1934 1661 2124">
     <span class='ocr_line' id='line_1_13' title="bbox 503 1934 1661 2017; baseline -0.003 -17"><span class='ocrx_word' id='word_1_98' title='bbox 503 1938 580 2000; x_wconf 87' lang='lat' dir='ltr'>ltem</span> <span class='ocrx_word' id='word_1_99' title='bbox 603 1958 666 1999; x_wconf 91' lang='lat' dir='ltr'>una</span> <span class='ocrx_word' id='word_1_100' title='bbox 689 1937 772 1998; x_wconf 91' lang='lat' dir='ltr'>stola</span> <span class='ocrx_word' id='word_1_101' title='bbox 796 1935 837 1998; x_wconf 91' lang='lat' dir='ltr'>de</span> <span class='ocrx_word' id='word_1_102' title='bbox 869 1936 979 1998; x_wconf 90' lang='lat' dir='ltr'>veluto</span> <span class='ocrx_word' id='word_1_103' title='bbox 1010 1934 1146 2017; x_wconf 89' lang='lat' dir='ltr'>figurato</span> <span class='ocrx_word' id='word_1_104' title='bbox 1174 1936 1214 1996; x_wconf 91' lang='lat' dir='ltr'>ad</span> <span class='ocrx_word' id='word_1_105' title='bbox 1247 1955 1321 1997; x_wconf 88' lang='lat' dir='ltr'>aves</span> <span class='ocrx_word' id='word_1_106' title='bbox 1353 1955 1465 1997; x_wconf 88' lang='lat' dir='ltr'>aureas</span> <span class='ocrx_word' id='word_1_107' title='bbox 1489 1935 1520 1996; x_wconf 89' lang='lat' dir='ltr'>in</span> <span class='ocrx_word' id='word_1_108' title='bbox 1547 1953 1661 2016; x_wconf 86' lang='lat' dir='ltr'>campo</span> 
     </span>
     <span class='ocr_line' id='line_1_14' title="bbox 397 2040 1572 2124; baseline -0.003 -18"><span class='ocrx_word' id='word_1_109' title='bbox 397 2045 498 2106; x_wconf 92' lang='lat' dir='ltr'>rubeo</span> <span class='ocrx_word' id='word_1_110' title='bbox 521 2064 596 2105; x_wconf 88' lang='lat' dir='ltr'>cum</span> <span class='ocrx_word' id='word_1_111' title='bbox 621 2043 784 2105; x_wconf 84' lang='lat' dir='ltr'>consimili</span> <span class='ocrx_word' id='word_1_112' title='bbox 808 2042 975 2124; x_wconf 85' lang='lat' dir='ltr'>manipulo</span> <span class='ocrx_word' id='word_1_113' title='bbox 1007 2042 1163 2104; x_wconf 91' lang='lat' dir='ltr'>subducta</span> <span class='ocrx_word' id='word_1_114' title='bbox 1198 2061 1271 2102; x_wconf 89' lang='lat' dir='ltr'>curn</span> <span class='ocrx_word' id='word_1_115' title='bbox 1296 2041 1443 2104; x_wconf 84' lang='lat' dir='ltr'>cendano</span> <span class='ocrx_word' id='word_1_116' title='bbox 1467 2040 1572 2103; x_wconf 91' lang='lat' dir='ltr'>viridi.</span> 
     </span>
    </p>

    <p class='ocr_par' dir='ltr' id='par_1_9' title="bbox 397 2127 1662 2424">
     <span class='ocr_line' id='line_1_15' title="bbox 504 2127 1662 2230; baseline -0.003 -20"><span class='ocrx_word' id='word_1_117' title='bbox 504 2149 581 2212; x_wconf 90' lang='lat' dir='ltr'>ltem</span> <span class='ocrx_word' id='word_1_118' title='bbox 607 2169 670 2224; x_wconf 81' lang='lat' dir='ltr'>una</span> <span class='ocrx_word' id='word_1_119' title='bbox 694 2149 756 2210; x_wconf 89' lang='lat' dir='ltr'>alia</span> <span class='ocrx_word' id='word_1_120' title='bbox 780 2149 862 2210; x_wconf 90' lang='lat' dir='ltr'>stola</span> <span class='ocrx_word' id='word_1_121' title='bbox 886 2148 927 2209; x_wconf 89' lang='lat' dir='ltr'>de</span> <span class='ocrx_word' id='word_1_122' title='bbox 951 2167 1059 2230; x_wconf 90' lang='lat' dir='ltr'>panno</span> <span class='ocrx_word' id='word_1_123' title='bbox 1083 2127 1183 2209; x_wconf 78' lang='lat' dir='ltr'>aureo</span> <span class='ocrx_word' id='word_1_124' title='bbox 1211 2147 1425 2228; x_wconf 88' lang='lat' dir='ltr'>damasquino</span> <span class='ocrx_word' id='word_1_125' title='bbox 1450 2166 1523 2208; x_wconf 91' lang='lat' dir='ltr'>cum</span> <span class='ocrx_word' id='word_1_126' title='bbox 1547 2146 1662 2208; x_wconf 85' lang='lat' dir='ltr'>ceteris</span> 
     </span>
     <span class='ocr_line' id='line_1_16' title="bbox 398 2252 1661 2338; baseline -0.004 -20"><span class='ocrx_word' id='word_1_127' title='bbox 398 2257 621 2338; x_wconf 89' lang='lat' dir='ltr'>compassibus</span> <span class='ocrx_word' id='word_1_128' title='bbox 646 2256 678 2316; x_wconf 95' lang='lat' dir='ltr'>in</span> <span class='ocrx_word' id='word_1_129' title='bbox 703 2274 811 2338; x_wconf 90' lang='lat' dir='ltr'>panno</span> <span class='ocrx_word' id='word_1_130' title='bbox 835 2274 933 2316; x_wconf 89' lang='lat' dir='ltr'>aureo</span> <span class='ocrx_word' id='word_1_131' title='bbox 967 2275 1040 2317; x_wconf 91' lang='lat' dir='ltr'>cum</span> <span class='ocrx_word' id='word_1_132' title='bbox 1074 2254 1171 2315; x_wconf 88' lang='lat' dir='ltr'>simili</span> <span class='ocrx_word' id='word_1_133' title='bbox 1196 2253 1364 2336; x_wconf 89' lang='lat' dir='ltr'>manipulo</span> <span class='ocrx_word' id='word_1_134' title='bbox 1396 2252 1556 2315; x_wconf 90' lang='lat' dir='ltr'>subducto</span> <span class='ocrx_word' id='word_1_135' title='bbox 1589 2271 1661 2314; x_wconf 92' lang='lat' dir='ltr'>cen·</span> 
     </span>
     <span class='ocr_line' id='line_1_17' title="bbox 397 2362 614 2424; baseline 0.009 -2"><span class='ocrx_word' id='word_1_136' title='bbox 397 2362 483 2424; x_wconf 90' lang='lat' dir='ltr'>dano</span> <span class='ocrx_word' id='word_1_137' title='bbox 508 2363 614 2424; x_wconf 85' lang='lat' dir='ltr'>viridi.</span> 
     </span>
    </p>

    <p class='ocr_par' dir='ltr' id='par_1_10' title="bbox 504 2464 1596 2548">
     <span class='ocr_line' id='line_1_18' title="bbox 504 2464 1596 2548; baseline -0.003 -20"><span class='ocrx_word' id='word_1_138' title='bbox 504 2467 582 2529; x_wconf 92' lang='lat' dir='ltr'>ltem</span> <span class='ocrx_word' id='word_1_139' title='bbox 606 2468 669 2531; x_wconf 90' lang='lat' dir='ltr'>due</span> <span class='ocrx_word' id='word_1_140' title='bbox 695 2468 777 2530; x_wconf 89' lang='lat' dir='ltr'>stole</span> <span class='ocrx_word' id='word_1_141' title='bbox 802 2467 841 2528; x_wconf 91' lang='lat' dir='ltr'>de</span> <span class='ocrx_word' id='word_1_142' title='bbox 865 2468 976 2529; x_wconf 86' lang='lat' dir='ltr'>veluto</span> <span class='ocrx_word' id='word_1_143' title='bbox 1000 2468 1106 2548; x_wconf 89' lang='lat' dir='ltr'>griseo</span> <span class='ocrx_word' id='word_1_144' title='bbox 1135 2467 1295 2529; x_wconf 88' lang='lat' dir='ltr'>subducto</span> <span class='ocrx_word' id='word_1_145' title='bbox 1319 2466 1465 2529; x_wconf 88' lang='lat' dir='ltr'>cendano</span> <span class='ocrx_word' id='word_1_146' title='bbox 1490 2464 1596 2527; x_wconf 91' lang='lat' dir='ltr'>viridi.</span> 
     </span>
    </p>

    <p class='ocr_par' dir='ltr' id='par_1_11' title="bbox 398 2572 1664 2765">
     <span class='ocr_line' id='line_1_19' title="bbox 503 2572 1664 2657; baseline -0.004 -19"><span class='ocrx_word' id='word_1_147' title='bbox 503 2576 581 2639; x_wconf 90' lang='lat' dir='ltr'>ltem</span> <span class='ocrx_word' id='word_1_148' title='bbox 607 2597 670 2638; x_wconf 87' lang='lat' dir='ltr'>una</span> <span class='ocrx_word' id='word_1_149' title='bbox 694 2575 775 2638; x_wconf 87' lang='lat' dir='ltr'>stola</span> <span class='ocrx_word' id='word_1_150' title='bbox 807 2576 848 2638; x_wconf 90' lang='lat' dir='ltr'>de</span> <span class='ocrx_word' id='word_1_151' title='bbox 879 2595 988 2657; x_wconf 88' lang='lat' dir='ltr'>panno</span> <span class='ocrx_word' id='word_1_152' title='bbox 1021 2575 1088 2636; x_wconf 88' lang='lat' dir='ltr'>sive</span> <span class='ocrx_word' id='word_1_153' title='bbox 1119 2577 1252 2636; x_wconf 89' lang='lat' dir='ltr'>camoka</span> <span class='ocrx_word' id='word_1_154' title='bbox 1285 2575 1392 2636; x_wconf 89' lang='lat' dir='ltr'>siricio</span> <span class='ocrx_word' id='word_1_155' title='bbox 1423 2573 1519 2634; x_wconf 86' lang='lat' dir='ltr'>viridi</span> <span class='ocrx_word' id='word_1_156' title='bbox 1545 2572 1664 2634; x_wconf 91' lang='lat' dir='ltr'>coloris</span> 
     </span>
     <span class='ocr_line' id='line_1_20' title="bbox 398 2681 1455 2765; baseline -0.003 -20"><span class='ocrx_word' id='word_1_157' title='bbox 398 2703 470 2746; x_wconf 92' lang='lat' dir='ltr'>cum</span> <span class='ocrx_word' id='word_1_158' title='bbox 495 2702 553 2744; x_wconf 91' lang='lat' dir='ltr'>suo</span> <span class='ocrx_word' id='word_1_159' title='bbox 578 2682 757 2765; x_wconf 90' lang='lat' dir='ltr'>manipulo,</span> <span class='ocrx_word' id='word_1_160' title='bbox 781 2682 937 2744; x_wconf 89' lang='lat' dir='ltr'>subducta</span> <span class='ocrx_word' id='word_1_161' title='bbox 962 2701 1069 2764; x_wconf 91' lang='lat' dir='ltr'>panno</span> <span class='ocrx_word' id='word_1_162' title='bbox 1093 2683 1194 2743; x_wconf 87' lang='lat' dir='ltr'>rubeo</span> <span class='ocrx_word' id='word_1_163' title='bbox 1218 2683 1283 2742; x_wconf 83' lang='lat' dir='ltr'>sive</span> <span class='ocrx_word' id='word_1_164' title='bbox 1309 2681 1455 2743; x_wconf 80' lang='lat' dir='ltr'>cendato</span> 
     </span>
    </p>

    <p class='ocr_par' dir='ltr' id='par_1_12' title="bbox 504 2786 1595 2868">
     <span class='ocr_line' id='line_1_21' title="bbox 504 2786 1595 2868; baseline -0.002 -18"><span class='ocrx_word' id='word_1_165' title='bbox 504 2789 581 2850; x_wconf 88' lang='lat' dir='ltr'>ltem</span> <span class='ocrx_word' id='word_1_166' title='bbox 607 2789 756 2850; x_wconf 87' lang='lat' dir='ltr'>undecim</span> <span class='ocrx_word' id='word_1_167' title='bbox 781 2788 844 2849; x_wconf 87' lang='lat' dir='ltr'>alie</span> <span class='ocrx_word' id='word_1_168' title='bbox 868 2788 949 2850; x_wconf 89' lang='lat' dir='ltr'>stole</span> <span class='ocrx_word' id='word_1_169' title='bbox 973 2807 1162 2850; x_wconf 88' lang='lat' dir='ltr'>communes</span> <span class='ocrx_word' id='word_1_170' title='bbox 1193 2803 1224 2850; x_wconf 92' lang='lat' dir='ltr'>et</span> <span class='ocrx_word' id='word_1_171' title='bbox 1247 2787 1401 2850; x_wconf 81' lang='lat' dir='ltr'>tredecim</span> <span class='ocrx_word' id='word_1_172' title='bbox 1426 2786 1595 2868; x_wconf 86' lang='lat' dir='ltr'>manipuli.</span> 
     </span>
    </p>

    <p class='ocr_par' dir='ltr' id='par_1_13' title="bbox 398 2892 1664 3084">
     <span class='ocr_line' id='line_1_22' title="bbox 506 2892 1664 2975; baseline -0.004 -18"><span class='ocrx_word' id='word_1_173' title='bbox 506 2895 582 2958; x_wconf 90' lang='lat' dir='ltr'>ltem</span> <span class='ocrx_word' id='word_1_174' title='bbox 608 2895 755 2975; x_wconf 89' lang='lat' dir='ltr'>cingulus</span> <span class='ocrx_word' id='word_1_175' title='bbox 779 2914 861 2956; x_wconf 90' lang='lat' dir='ltr'>unus</span> <span class='ocrx_word' id='word_1_176' title='bbox 885 2894 925 2955; x_wconf 88' lang='lat' dir='ltr'>de</span> <span class='ocrx_word' id='word_1_177' title='bbox 959 2895 1057 2956; x_wconf 88' lang='lat' dir='ltr'>rubea</span> <span class='ocrx_word' id='word_1_178' title='bbox 1082 2908 1164 2956; x_wconf 86' lang='lat' dir='ltr'>serta</span> <span class='ocrx_word' id='word_1_179' title='bbox 1196 2913 1268 2956; x_wconf 92' lang='lat' dir='ltr'>cum</span> <span class='ocrx_word' id='word_1_180' title='bbox 1294 2893 1425 2956; x_wconf 89' lang='lat' dir='ltr'>nodulis</span> <span class='ocrx_word' id='word_1_181' title='bbox 1449 2892 1609 2975; x_wconf 81' lang='lat' dir='ltr'>argenteis</span> <span class='ocrx_word' id='word_1_182' title='bbox 1633 2907 1664 2953; x_wconf 87' lang='lat' dir='ltr'>et</span> 
     </span>
     <span class='ocr_line' id='line_1_23' title="bbox 398 3001 526 3084; baseline -0.008 -20"><span class='ocrx_word' id='word_1_183' title='bbox 398 3001 526 3084; x_wconf 86' lang='lat' dir='ltr'>perleis.</span> 
     </span>
    </p>

    <p class='ocr_par' dir='ltr' id='par_1_14' title="bbox 505 3106 1099 3189">
     <span class='ocr_line' id='line_1_24' title="bbox 505 3106 1099 3189; baseline 0 -21"><span class='ocrx_word' id='word_1_184' title='bbox 505 3106 583 3170; x_wconf 89' lang='lat' dir='ltr'>ltem</span> <span class='ocrx_word' id='word_1_185' title='bbox 609 3107 675 3169; x_wconf 93' lang='lat' dir='ltr'>duo</span> <span class='ocrx_word' id='word_1_186' title='bbox 697 3107 752 3169; x_wconf 94' lang='lat' dir='ltr'>alii</span> <span class='ocrx_word' id='word_1_187' title='bbox 775 3107 896 3189; x_wconf 87' lang='lat' dir='ltr'>cinguli</span> <span class='ocrx_word' id='word_1_188' title='bbox 922 3106 962 3168; x_wconf 91' lang='lat' dir='ltr'>de</span> <span class='ocrx_word' id='word_1_189' title='bbox 986 3106 1099 3168; x_wconf 90' lang='lat' dir='ltr'>serico.</span> 
     </span>
    </p>

    <p class='ocr_par' dir='ltr' id='par_1_15' title="bbox 506 3212 889 3274">
     <span class='ocr_line' id='line_1_25' title="bbox 506 3212 889 3274; baseline -0.005 0"><span class='ocrx_word' id='word_1_190' title='bbox 506 3212 583 3274; x_wconf 89' lang='lat' dir='ltr'>ltem</span> <span class='ocrx_word' id='word_1_191' title='bbox 608 3212 663 3274; x_wconf 89' lang='lat' dir='ltr'>alii</span> <span class='ocrx_word' id='word_1_192' title='bbox 688 3231 889 3274; x_wconf 85' lang='lat' dir='ltr'>communes.</span> 
     </span>
    </p>

    <p class='ocr_par' dir='ltr' id='par_1_16' title="bbox 401 3317 1664 3614">
     <span class='ocr_line' id='line_1_26' title="bbox 506 3317 1664 3399; baseline -0.003 -19"><span class='ocrx_word' id='word_1_193' title='bbox 506 3319 584 3380; x_wconf 89' lang='lat' dir='ltr'>ltem</span> <span class='ocrx_word' id='word_1_194' title='bbox 616 3334 690 3380; x_wconf 93' lang='lat' dir='ltr'>sunt</span> <span class='ocrx_word' id='word_1_195' title='bbox 722 3319 851 3380; x_wconf 86' lang='lat' dir='ltr'>invente</span> <span class='ocrx_word' id='word_1_196' title='bbox 884 3319 1032 3380; x_wconf 88' lang='lat' dir='ltr'>undecim</span> <span class='ocrx_word' id='word_1_197' title='bbox 1066 3333 1133 3380; x_wconf 86' lang='lat' dir='ltr'>tece</span> <span class='ocrx_word' id='word_1_198' title='bbox 1166 3317 1401 3399; x_wconf 89' lang='lat' dir='ltr'>corporalium,</span> <span class='ocrx_word' id='word_1_199' title='bbox 1437 3335 1575 3398; x_wconf 88' lang='lat' dir='ltr'>quarum</span> <span class='ocrx_word' id='word_1_200' title='bbox 1600 3330 1664 3378; x_wconf 89' lang='lat' dir='ltr'>tres</span> 
     </span>
     <span class='ocr_line' id='line_1_27' title="bbox 401 3420 1664 3508; baseline -0.002 -22"><span class='ocrx_word' id='word_1_201' title='bbox 401 3440 475 3486; x_wconf 88' lang='lat' dir='ltr'>sunt</span> <span class='ocrx_word' id='word_1_202' title='bbox 499 3446 571 3487; x_wconf 92' lang='lat' dir='ltr'>cum</span> <span class='ocrx_word' id='word_1_203' title='bbox 597 3426 695 3507; x_wconf 87' lang='lat' dir='ltr'>perlis</span> <span class='ocrx_word' id='word_1_204' title='bbox 719 3439 749 3486; x_wconf 93' lang='lat' dir='ltr'>et</span> <span class='ocrx_word' id='word_1_205' title='bbox 773 3425 836 3487; x_wconf 90' lang='lat' dir='ltr'>alie</span> <span class='ocrx_word' id='word_1_206' title='bbox 867 3439 930 3486; x_wconf 91' lang='lat' dir='ltr'>tres</span> <span class='ocrx_word' id='word_1_207' title='bbox 962 3423 1139 3486; x_wconf 82' lang='lat' dir='ltr'>aurifrisate</span> <span class='ocrx_word' id='word_1_208' title='bbox 1171 3423 1211 3485; x_wconf 94' lang='lat' dir='ltr'>ad</span> <span class='ocrx_word' id='word_1_209' title='bbox 1244 3424 1429 3508; x_wconf 83' lang='lat' dir='ltr'>ymaginem</span> <span class='ocrx_word' id='word_1_210' title='bbox 1454 3420 1607 3485; x_wconf 85' lang='lat' dir='ltr'>Crucifixi</span> <span class='ocrx_word' id='word_1_211' title='bbox 1633 3438 1664 3484; x_wconf 88' lang='lat' dir='ltr'>et</span> 
     </span>
     <span class='ocr_line' id='line_1_28' title="bbox 401 3529 1556 3614; baseline -0.003 -21"><span class='ocrx_word' id='word_1_212' title='bbox 401 3532 533 3593; x_wconf 88' lang='lat' dir='ltr'>aliarum</span> <span class='ocrx_word' id='word_1_213' title='bbox 559 3531 749 3614; x_wconf 89' lang='lat' dir='ltr'>ymaginum</span> <span class='ocrx_word' id='word_1_214' title='bbox 774 3551 846 3592; x_wconf 87' lang='lat' dir='ltr'>cum</span> <span class='ocrx_word' id='word_1_215' title='bbox 871 3531 936 3591; x_wconf 89' lang='lat' dir='ltr'>suis</span> <span class='ocrx_word' id='word_1_216' title='bbox 956 3529 1188 3612; x_wconf 86' lang='lat' dir='ltr'>corporalibus,</span> <span class='ocrx_word' id='word_1_217' title='bbox 1213 3544 1243 3591; x_wconf 91' lang='lat' dir='ltr'>et</span> <span class='ocrx_word' id='word_1_218' title='bbox 1267 3530 1328 3590; x_wconf 91' lang='lat' dir='ltr'>alie</span> <span class='ocrx_word' id='word_1_219' title='bbox 1353 3548 1556 3591; x_wconf 89' lang='lat' dir='ltr'>communes.</span> 
     </span>
    </p>

    <p class='ocr_par' dir='ltr' id='par_1_17' title="bbox 507 3634 1663 3719">
     <span class='ocr_line' id='line_1_29' title="bbox 507 3634 1663 3719; baseline -0.003 -20"><span class='ocrx_word' id='word_1_220' title='bbox 507 3638 585 3700; x_wconf 91' lang='lat' dir='ltr'>ltem</span> <span class='ocrx_word' id='word_1_221' title='bbox 612 3637 677 3699; x_wconf 92' lang='lat' dir='ltr'>duo</span> <span class='ocrx_word' id='word_1_222' title='bbox 702 3637 868 3719; x_wconf 86' lang='lat' dir='ltr'>angularia</span> <span class='ocrx_word' id='word_1_223' title='bbox 885 3637 925 3697; x_wconf 93' lang='lat' dir='ltr'>de</span> <span class='ocrx_word' id='word_1_224' title='bbox 949 3635 1069 3718; x_wconf 92' lang='lat' dir='ltr'>pepulo</span> <span class='ocrx_word' id='word_1_225' title='bbox 1093 3636 1269 3697; x_wconf 89' lang='lat' dir='ltr'>flammiola</span> <span class='ocrx_word' id='word_1_226' title='bbox 1291 3635 1396 3697; x_wconf 88' lang='lat' dir='ltr'>aureis</span> <span class='ocrx_word' id='word_1_227' title='bbox 1417 3634 1479 3697; x_wconf 89' lang='lat' dir='ltr'>filis</span> <span class='ocrx_word' id='word_1_228' title='bbox 1503 3649 1663 3698; x_wconf 81' lang='lat' dir='ltr'>contexta.</span> 
     </span>
    </p>

    <p class='ocr_par' dir='ltr' id='par_1_18' title="bbox 510 3741 1663 3824">
     <span class='ocr_line' id='line_1_30' title="bbox 510 3741 1663 3824; baseline 0 -20"><span class='ocrx_word' id='word_1_229' title='bbox 510 3743 587 3804; x_wconf 86' lang='lat' dir='ltr'>ltem</span> <span class='ocrx_word' id='word_1_230' title='bbox 613 3758 688 3806; x_wconf 91' lang='lat' dir='ltr'>sunt</span> <span class='ocrx_word' id='word_1_231' title='bbox 711 3744 818 3824; x_wconf 87' lang='lat' dir='ltr'>aliqua</span> <span class='ocrx_word' id='word_1_232' title='bbox 848 3743 964 3824; x_wconf 91' lang='lat' dir='ltr'>pepula</span> <span class='ocrx_word' id='word_1_233' title='bbox 983 3760 1061 3802; x_wconf 86' lang='lat' dir='ltr'>auro</span> <span class='ocrx_word' id='word_1_234' title='bbox 1086 3755 1243 3820; x_wconf 85' lang='lat' dir='ltr'>contexta,</span> <span class='ocrx_word' id='word_1_235' title='bbox 1268 3743 1441 3804; x_wconf 88' lang='lat' dir='ltr'>inveterata</span> <span class='ocrx_word' id='word_1_236' title='bbox 1467 3741 1663 3822; x_wconf 88' lang='lat' dir='ltr'>etantiqua.</span> 
     </span>
    </p>

    <p class='ocr_par' dir='ltr' id='par_1_19' title="bbox 508 3847 1359 3932">
     <span class='ocr_line' id='line_1_31' title="bbox 508 3847 1359 3932; baseline -0.002 -21"><span class='ocrx_word' id='word_1_237' title='bbox 508 3850 585 3912; x_wconf 89' lang='lat' dir='ltr'>ltem</span> <span class='ocrx_word' id='word_1_238' title='bbox 609 3851 667 3911; x_wconf 89' lang='lat' dir='ltr'>tria</span> <span class='ocrx_word' id='word_1_239' title='bbox 693 3849 812 3932; x_wconf 90' lang='lat' dir='ltr'>pepula</span> <span class='ocrx_word' id='word_1_240' title='bbox 836 3849 981 3910; x_wconf 86' lang='lat' dir='ltr'>involuta</span> <span class='ocrx_word' id='word_1_241' title='bbox 1005 3847 1044 3908; x_wconf 90' lang='lat' dir='ltr'>ad</span> <span class='ocrx_word' id='word_1_242' title='bbox 1070 3867 1170 3908; x_wconf 92' lang='lat' dir='ltr'>unum</span> <span class='ocrx_word' id='word_1_243' title='bbox 1197 3847 1359 3910; x_wconf 87' lang='lat' dir='ltr'>baculum.</span> 
     </span>
    </p>

    <p class='ocr_par' dir='ltr' id='par_1_20' title="bbox 401 3953 1663 4144">
     <span class='ocr_line' id='line_1_32' title="bbox 509 3953 1663 4038; baseline -0.004 -21"><span class='ocrx_word' id='word_1_244' title='bbox 509 3956 585 4017; x_wconf 90' lang='lat' dir='ltr'>ltem</span> <span class='ocrx_word' id='word_1_245' title='bbox 611 3955 676 4018; x_wconf 93' lang='lat' dir='ltr'>duo</span> <span class='ocrx_word' id='word_1_246' title='bbox 701 3956 761 4017; x_wconf 90' lang='lat' dir='ltr'>alia</span> <span class='ocrx_word' id='word_1_247' title='bbox 782 3955 900 4038; x_wconf 88' lang='lat' dir='ltr'>pepula</span> <span class='ocrx_word' id='word_1_248' title='bbox 926 3955 1111 4035; x_wconf 85' lang='lat' dir='ltr'>integriora,</span> <span class='ocrx_word' id='word_1_249' title='bbox 1136 3973 1275 4035; x_wconf 89' lang='lat' dir='ltr'>quorum</span> <span class='ocrx_word' id='word_1_250' title='bbox 1300 3973 1401 4015; x_wconf 90' lang='lat' dir='ltr'>unum</span> <span class='ocrx_word' id='word_1_251' title='bbox 1427 3967 1474 4014; x_wconf 91' lang='lat' dir='ltr'>est</span> <span class='ocrx_word' id='word_1_252' title='bbox 1498 3973 1577 4015; x_wconf 90' lang='lat' dir='ltr'>auro</span> <span class='ocrx_word' id='word_1_253' title='bbox 1601 3953 1663 4013; x_wconf 88' lang='lat' dir='ltr'>vir·</span> 
     </span>
     <span class='ocr_line' id='line_1_33' title="bbox 401 4063 558 4144; baseline -0.006 -20"><span class='ocrx_word' id='word_1_254' title='bbox 401 4063 558 4144; x_wconf 88' lang='lat' dir='ltr'>gulatum.</span> 
     </span>
    </p>

    <p class='ocr_par' dir='ltr' id='par_1_21' title="bbox 509 4167 1114 4249">
     <span class='ocr_line' id='line_1_34' title="bbox 509 4167 1114 4249; baseline -0.002 -20"><span class='ocrx_word' id='word_1_255' title='bbox 509 4167 585 4230; x_wconf 87' lang='lat' dir='ltr'>ltem</span> <span class='ocrx_word' id='word_1_256' title='bbox 611 4167 729 4228; x_wconf 85' lang='lat' dir='ltr'>ferrum</span> <span class='ocrx_word' id='word_1_257' title='bbox 755 4186 812 4249; x_wconf 94' lang='lat' dir='ltr'>pro</span> <span class='ocrx_word' id='word_1_258' title='bbox 838 4167 992 4248; x_wconf 88' lang='lat' dir='ltr'>pistandis</span> <span class='ocrx_word' id='word_1_259' title='bbox 1016 4167 1114 4228; x_wconf 88' lang='lat' dir='ltr'>ostiis.</span> 
     </span>
    </p>

    <p class='ocr_par' dir='ltr' id='par_1_22' title="bbox 402 4271 1664 4569">
     <span class='ocr_line' id='line_1_35' title="bbox 508 4271 1664 4356; baseline -0.003 -20"><span class='ocrx_word' id='word_1_260' title='bbox 508 4274 586 4336; x_wconf 90' lang='lat' dir='ltr'>ltem</span> <span class='ocrx_word' id='word_1_261' title='bbox 612 4275 756 4356; x_wconf 90' lang='lat' dir='ltr'>quinque</span> <span class='ocrx_word' id='word_1_262' title='bbox 781 4293 935 4356; x_wconf 89' lang='lat' dir='ltr'>campane</span> <span class='ocrx_word' id='word_1_263' title='bbox 961 4274 992 4334; x_wconf 92' lang='lat' dir='ltr'>in</span> <span class='ocrx_word' id='word_1_264' title='bbox 1011 4273 1184 4355; x_wconf 84' lang='lat' dir='ltr'>campanili</span> <span class='ocrx_word' id='word_1_265' title='bbox 1210 4272 1353 4351; x_wconf 87' lang='lat' dir='ltr'>ecclesie,</span> <span class='ocrx_word' id='word_1_266' title='bbox 1378 4287 1409 4334; x_wconf 91' lang='lat' dir='ltr'>et</span> <span class='ocrx_word' id='word_1_267' title='bbox 1425 4291 1489 4333; x_wconf 88' lang='lat' dir='ltr'>una</span> <span class='ocrx_word' id='word_1_268' title='bbox 1513 4287 1560 4334; x_wconf 88' lang='lat' dir='ltr'>est</span> <span class='ocrx_word' id='word_1_269' title='bbox 1575 4271 1664 4333; x_wconf 87' lang='lat' dir='ltr'>vide·</span> 
     </span>
     <span class='ocr_line' id='line_1_36' title="bbox 402 4377 1662 4463; baseline -0.002 -22"><span class='ocrx_word' id='word_1_270' title='bbox 402 4379 476 4442; x_wconf 92' lang='lat' dir='ltr'>licet</span> <span class='ocrx_word' id='word_1_271' title='bbox 499 4394 585 4442; x_wconf 85' lang='lat' dir='ltr'>serta</span> <span class='ocrx_word' id='word_1_272' title='bbox 609 4400 666 4463; x_wconf 91' lang='lat' dir='ltr'>per</span> <span class='ocrx_word' id='word_1_273' title='bbox 687 4380 856 4442; x_wconf 71' lang='lat' dir='ltr'>doninum</span> <span class='ocrx_word' id='word_1_274' title='bbox 875 4377 1097 4441; x_wconf 87' lang='lat' dir='ltr'>Eberhardutn</span> <span class='ocrx_word' id='word_1_275' title='bbox 1115 4378 1302 4461; x_wconf 90' lang='lat' dir='ltr'>episcopum</span> <span class='ocrx_word' id='word_1_276' title='bbox 1320 4378 1360 4438; x_wconf 90' lang='lat' dir='ltr'>ad</span> <span class='ocrx_word' id='word_1_277' title='bbox 1378 4391 1516 4440; x_wconf 87' lang='lat' dir='ltr'>castrum</span> <span class='ocrx_word' id='word_1_278' title='bbox 1535 4377 1662 4439; x_wconf 89' lang='lat' dir='ltr'>Medwe</span> 
     </span>
     <span class='ocr_line' id='line_1_37' title="bbox 402 4486 578 4569; baseline 0.006 -22"><span class='ocrx_word' id='word_1_279' title='bbox 402 4486 578 4569; x_wconf 86' lang='lat' dir='ltr'>deportata.</span> 
     </span>
    </p>

    <p class='ocr_par' dir='ltr' id='par_1_23' title="bbox 403 4589 1665 4763">
     <span class='ocr_line' id='line_1_38' title="bbox 507 4589 1665 4674; baseline -0.005 -19"><span class='ocrx_word' id='word_1_280' title='bbox 507 4593 585 4655; x_wconf 87' lang='lat' dir='ltr'>Item</span> <span class='ocrx_word' id='word_1_281' title='bbox 611 4605 749 4674; x_wconf 87' lang='lat' dir='ltr'>quatuor</span> <span class='ocrx_word' id='word_1_282' title='bbox 772 4593 834 4654; x_wconf 89' lang='lat' dir='ltr'>alie</span> <span class='ocrx_word' id='word_1_283' title='bbox 859 4591 1080 4673; x_wconf 85' lang='lat' dir='ltr'>campanulle‚</span> <span class='ocrx_word' id='word_1_284' title='bbox 1118 4609 1255 4672; x_wconf 92' lang='lat' dir='ltr'>quarum</span> <span class='ocrx_word' id='word_1_285' title='bbox 1279 4589 1343 4652; x_wconf 88' lang='lat' dir='ltr'>due</span> <span class='ocrx_word' id='word_1_286' title='bbox 1374 4602 1448 4652; x_wconf 87' lang='lat' dir='ltr'>sunt</span> <span class='ocrx_word' id='word_1_287' title='bbox 1470 4608 1610 4672; x_wconf 88' lang='lat' dir='ltr'>appense</span> <span class='ocrx_word' id='word_1_288' title='bbox 1634 4603 1665 4650; x_wconf 88' lang='lat' dir='ltr'>et</span> 
     </span>
     <span class='ocr_line' id='line_1_39' title="bbox 403 4699 881 4763; baseline -0.004 0"><span class='ocrx_word' id='word_1_289' title='bbox 403 4701 465 4763; x_wconf 88' lang='lat' dir='ltr'>due</span> <span class='ocrx_word' id='word_1_290' title='bbox 490 4701 649 4762; x_wconf 86' lang='lat' dir='ltr'>habentur</span> <span class='ocrx_word' id='word_1_291' title='bbox 673 4700 704 4760; x_wconf 91' lang='lat' dir='ltr'>in</span> <span class='ocrx_word' id='word_1_292' title='bbox 729 4699 881 4761; x_wconf 89' lang='lat' dir='ltr'>sacristia.</span> 
     </span>
    </p>

    <p class='ocr_par' dir='ltr' id='par_1_24' title="bbox 509 4803 1223 4887">
     <span class='ocr_line' id='line_1_40' title="bbox 509 4803 1223 4887; baseline -0.006 -19"><span class='ocrx_word' id='word_1_293' title='bbox 509 4806 586 4870; x_wconf 87' lang='lat' dir='ltr'>ltem</span> <span class='ocrx_word' id='word_1_294' title='bbox 612 4806 671 4866; x_wconf 87' lang='lat' dir='ltr'>tria</span> <span class='ocrx_word' id='word_1_295' title='bbox 695 4818 813 4887; x_wconf 90' lang='lat' dir='ltr'>tapetta</span> <span class='ocrx_word' id='word_1_296' title='bbox 839 4823 966 4886; x_wconf 89' lang='lat' dir='ltr'>magna,</span> <span class='ocrx_word' id='word_1_297' title='bbox 991 4803 1223 4885; x_wconf 89' lang='lat' dir='ltr'>competencia.</span> 
     </span>
    </p>

    <p class='ocr_par' dir='ltr' id='par_1_25' title="bbox 509 4912 1223 4993">
     <span class='ocr_line' id='line_1_41' title="bbox 509 4912 1223 4993; baseline -0.007 -19"><span class='ocrx_word' id='word_1_298' title='bbox 509 4912 587 4974; x_wconf 85' lang='lat' dir='ltr'>ltam</span> <span class='ocrx_word' id='word_1_299' title='bbox 613 4931 714 4973; x_wconf 89' lang='lat' dir='ltr'>unum</span> <span class='ocrx_word' id='word_1_300' title='bbox 738 4923 894 4993; x_wconf 89' lang='lat' dir='ltr'>tapettum</span> <span class='ocrx_word' id='word_1_301' title='bbox 919 4929 1052 4990; x_wconf 90' lang='lat' dir='ltr'>novum,</span> <span class='ocrx_word' id='word_1_302' title='bbox 1076 4927 1223 4991; x_wconf 89' lang='lat' dir='ltr'>parvum.</span> 
     </span>
    </p>

    <p class='ocr_par' dir='ltr' id='par_1_26' title="bbox 508 5019 1131 5100">
     <span class='ocr_line' id='line_1_42' title="bbox 508 5019 1131 5100; baseline 0.002 -20"><span class='ocrx_word' id='word_1_303' title='bbox 508 5019 586 5082; x_wconf 92' lang='lat' dir='ltr'>ltem</span> <span class='ocrx_word' id='word_1_304' title='bbox 612 5019 677 5080; x_wconf 94' lang='lat' dir='ltr'>duo</span> <span class='ocrx_word' id='word_1_305' title='bbox 701 5019 832 5100; x_wconf 90' lang='lat' dir='ltr'>antiqua</span> <span class='ocrx_word' id='word_1_306' title='bbox 857 5019 889 5079; x_wconf 90' lang='lat' dir='ltr'>in</span> <span class='ocrx_word' id='word_1_307' title='bbox 914 5031 1004 5100; x_wconf 88' lang='lat' dir='ltr'>parte</span> <span class='ocrx_word' id='word_1_308' title='bbox 1029 5031 1131 5100; x_wconf 89' lang='lat' dir='ltr'>rupta.</span> 
     </span>
    </p>
   </div>
   <div class='ocr_carea' id='block_1_3' title="bbox 0 0 1920 5806">
    <p class='ocr_par' dir='ltr' id='par_1_27' title="bbox 0 0 1920 5806">
     <span class='ocr_line' id='line_1_43' title="bbox 0 0 1920 5806; baseline 0 0"><span class='ocrx_word' id='word_1_309' title='bbox 0 0 1920 5806; x_wconf 95' lang='lat' dir='ltr'> </span> 
     </span>
    </p>
   </div>
  </div>
 </body>
</html>
