3810 5806
413 561 471 640 148
963 563 1146 624 Iuventatis.

407 791 472 836 stos
497 797 563 836 esse
590 777 670 838 inter
694 775 883 856 fragmenta,
909 778 964 837 ubi
988 777 1081 838 multi
1106 777 1230 860 lapides
1254 777 1469 856 continentur,
1494 790 1524 837 et
1546 778 1577 836 in
1602 795 1666 856 qua

407 901 464 964 pro
490 902 574 943 nunc
599 880 872 946 deficiunt'XVll.
898 882 1032 964 lapides,
1061 903 1200 964 quorum
1227 884 1360 944 nomina
1385 881 1573 964 ignoratur.)

512 991 566 1063 (In
590 993 741 1070 margine:
765 988 854 1067 Item,
880 1009 942 1050 una
967 988 1067 1051 infula
1090 1009 1162 1052 cum
1188 990 1284 1072 perlis
1308 991 1339 1051 in
1364 1002 1433 1052 toto
1458 989 1619 1051 deaurata.

513 1093 614 1176 (Item,
639 1095 700 1155 alie
725 1109 786 1156 tres
811 1094 911 1157 infule
936 1096 1040 1177 legate
1065 1115 1121 1178 per
1150 1095 1341 1178 Dyonisium
1367 1095 1580 1178 episcopum.)

514 1200 602 1278 Item,
627 1201 690 1262 alia
715 1199 815 1262 infula
841 1202 947 1263 minor
978 1221 1051 1263 cum
1084 1203 1180 1283 perlis
1212 1202 1369 1280 ordinata,
1400 1201 1563 1282 aliquibus
1587 1200 1667 1282 lapi-

407 1307 501 1367 dibus
526 1307 650 1368 mixtim
676 1308 833 1389 inpositis,
863 1328 926 1390 que
959 1310 1103 1370 continet
1133 1309 1295 1390 sexaginta
1327 1309 1452 1370 tabulas
1476 1322 1506 1370 et
1529 1307 1666 1390 quadra·

403 1413 492 1492 ginta
515 1427 589 1475 octo
614 1413 736 1496 lapides
760 1413 876 1476 diversi
900 1415 1027 1496 generis
1051 1429 1081 1476 et
1105 1415 1233 1494 coloris,
1265 1435 1327 1497 que
1361 1415 1495 1477 habetur
1519 1415 1550 1475 in
1576 1414 1665 1496 capi·

406 1519 476 1580 tulo
504 1520 693 1584 chasmensi.

495 1625 585 1704 Item,
610 1646 710 1688 unum
736 1646 792 1709 par
824 1627 1056 1689 cirothecaru'm
1089 1627 1322 1710 pontificalium
1355 1647 1429 1690 cum
1461 1627 1667 1713 ymaginibus

409 1731 545 1793 duarum
579 1752 722 1794 rosarum
755 1747 785 1794 et
813 1733 910 1814 perlis
941 1748 971 1795 et
996 1727 1107 1796 ceteris
1139 1734 1302 1818 lapidibus
1326 1736 1443 1817 parvis,
1467 1754 1582 1795 novem
1609 1754 1668 1795 nu-

409 1857 511 1916 mero,
536 1858 607 1900 cum
633 1839 838 1922 ymaginibus
862 1853 1056 1918 sanctorum,
1082 1840 1121 1902 de
1145 1861 1224 1903 auro
1242 1841 1415 1903 rahamatis
1439 1841 1490 1902 vel
1514 1841 1671 1918 consutis,

407 1965 544 2026 quarum
571 1965 632 2006 una
658 1944 786 2008 deiecit.

495 2051 585 2130 Item,
610 2071 710 2113 unum
736 2051 823 2113 aliud
848 2072 905 2135 par
929 2052 1161 2116 cirothecarum
1187 2053 1421 2136 pontificalium
1447 2075 1519 2117 cum
1544 2055 1668 2138 ymagi-

408 2159 502 2220 nibus
526 2173 709 2221 sanctorum
734 2179 845 2240 regum
873 2160 1013 2222 Ladislai
1046 2174 1077 2223 et
1101 2160 1254 2244 Stephani
1287 2161 1325 2222 de
1358 2176 1491 2242 argento
1516 2163 1670 2224 deaurato

407 2279 438 2326 et
462 2265 633 2344 smaldato,
657 2279 689 2328 et
717 2266 865 2328 similiter
897 2286 971 2328 curn
1003 2266 1114 2348 figuris
1144 2282 1326 2330 sanctorum
1360 2281 1390 2330 et
1414 2269 1526 2330 ceteris
1550 2268 1672 2350 perulis

407 2373 551 2451 minutis,
575 2371 802 2436 aurifrisatam.

408 2621 613 2702 Sequitur
637 2621 930 2683 inventarium
963 2621 1009 2682 de
1042 2622 1310 2682 ornamentis
1334 2635 1372 2683 et
1395 2621 1671 2703 paramentis.

513 2780 554 2841 Et
578 2780 695 2861 primo,
719 2781 825 2843 casula
851 2781 933 2862 nigri
959 2780 1087 2858 coloris,
1112 2779 1152 2841 de
1184 2781 1271 2862 palio
1296 2781 1395 2842 sancti
1421 2781 1503 2861 regis
1529 2780 1670 2842 Ladislai

407 2886 498 2951 facta.

512 2993 603 3072 Item,
626 3014 690 3056 una
715 2993 821 3056 casula
846 2993 886 3054 de
911 3013 1018 3075 panno
1043 3013 1141 3056 aureo
1174 2994 1207 3055 in
1232 3013 1346 3076 campo
1372 2995 1473 3056 rubeo
1497 3013 1570 3056 cum
1595 2996 1670 3056 sub·

407 3097 541 3160 ductura
566 3099 605 3161 de
630 3100 767 3161 cendato
791 3101 903 3178 ruben,
927 3100 1048 3160 babens
1069 3118 1197 3161 crucem
1222 3119 1239 3160 a
1264 3113 1349 3162 retro
1374 3113 1504 3164 stante
1529 3119 1605 3179 non,
1632 3101 1671 3162 de

405 3204 545 3285 quadam
570 3219 658 3287 parta
683 3225 755 3267 cum
779 3206 882 3267 serico
906 3220 937 3267 et
961 3224 1039 3266 auro
1065 3219 1259 3268 contextam.

514 3311 604 3388 Item,
629 3331 692 3373 una
709 3311 771 3372 alia
789 3312 895 3374 casula
920 3311 960 3372 de
977 3330 1085 3392 panno
1102 3331 1201 3372 aureo
1218 3311 1366 3374 similiter
1383 3312 1416 3372 in
1434 3331 1549 3394 campo
1567 3313 1670 3372 rubeo

407 3435 479 3477 cum
505 3417 598 3478 certis
622 3418 841 3498 compassibus
858 3416 898 3477 ad
916 3417 1026 3478 leones
1043 3437 1168 3496 aureos,
1194 3437 1265 3479 cum
1284 3437 1376 3480 cruce
1402 3439 1419 3479 a
1444 3431 1528 3479 retro
1554 3433 1585 3480 et
1605 3438 1668 3478 non

406 3535 490 3601 ante,
516 3523 556 3584 de
580 3537 669 3603 parta
693 3543 799 3602 aurea,
823 3523 978 3586 subducta
1004 3523 1043 3584 de
1068 3523 1204 3585 cendato
1229 3523 1333 3586 viridi.

515 3629 604 3707 ltem,
630 3629 660 3689 in
688 3649 750 3690 una
783 3630 889 3691 casula
920 3629 1026 3710 glauci
1060 3629 1188 3708 coloris,
1220 3630 1374 3693 deficiunt
1405 3631 1444 3692 X.
1470 3628 1592 3711 lapides
1616 3629 1670 3692 ad-

408 3733 505 3794 instar
530 3735 733 3796 residuorum
757 3735 902 3817 lapidum
928 3735 1074 3797 eiusdem
1100 3735 1216 3798 casule.

514 3858 603 3937 ltem,
629 3859 735 3919 casula
760 3860 858 3920 rubea
884 3860 1004 3920 babens
1037 3875 1190 3942 tanquam
1223 3859 1417 3923 aurifrisium
1444 3881 1500 3944 per
1526 3862 1671 3942 longum,

408 3965 574 4046 ymagines
606 3977 788 4026 sanctorum
822 3966 852 4026 in
886 3985 918 4026 se
951 3967 1148 4028 continendo
1181 3988 1253 4029 cum
1285 3969 1422 4048 gemmis
1455 3983 1486 4030 et
1510 3969 1672 4051 lapidibus

408 4071 560 4152 preciosis
585 4071 779 4151 quibusdam
807 4071 953 4133 ordinata
971 4093 1044 4134 cum
1069 4094 1125 4135 sua
1144 4074 1315 4136 dalmatica
1340 4087 1371 4136 et
1387 4076 1505 4153 stricta,
1530 4090 1560 4137 et
1577 4075 1672 4137 habet

407 4177 531 4258 lapides
555 4189 676 4258 septem
702 4197 848 4256 numero,
873 4199 982 4238 carens
1006 4181 1213 4242 subductura.

513 4300 602 4378 Item,
626 4301 731 4361 casula
759 4301 831 4361 alba
856 4316 967 4362 ornata
989 4322 1062 4363 cum
1079 4305 1216 4382 gemmis
1241 4325 1296 4365 seu
1322 4305 1418 4386 perlis
1444 4319 1474 4365 et
1498 4305 1672 4367 laminibus

407 4427 479 4467 cum
507 4426 568 4466 una
592 4406 772 4484 dalmatica,
797 4427 907 4468 carens
922 4408 1129 4474 subductura.
1146 4409 1346 4489 (Ascriptuw
1369 4411 1441 4472 data
1466 4425 1513 4472 est
1537 4411 1671 4472 domino

408 4512 558 4590 Warasd‚
583 4526 617 4572 ut
641 4511 735 4572 faciat
759 4513 840 4573 duas
864 4533 980 4594 cappas
1005 4533 1062 4594 pro
1088 4516 1206 4595 pueriS,
1231 4533 1361 4598 propter
1386 4519 1605 4596 vetustatem.)

513 4636 601 4714 Item,
627 4636 733 4697 casula
756 4637 861 4716 glauci
881 4638 1008 4715 coloris,
1031 4639 1122 4700 cuius
1138 4638 1334 4700 aurifrisium
1353 4640 1479 4721 aliquas
1503 4641 1672 4723 ymagines

407 4754 589 4803 sanctorum
616 4743 795 4820 continens,
812 4743 1003 4824 dyademata
1029 4745 1169 4824 ipsarum
1187 4747 1376 4827 ymaginum
1402 4761 1433 4807 et
1457 4767 1577 4808 corone
1597 4762 1672 4809 sunt

406 4849 543 4929 gemmis
567 4868 622 4908 seu
648 4849 745 4930 perlis
768 4849 934 4925 ordinata;
967 4849 1063 4911 habet
1095 4853 1196 4912 eciam
1221 4852 1260 4912 de
1294 4867 1378 4915 retro
1404 4855 1436 4914 in
1461 4875 1493 4914 se
1519 4855 1602 4915 duos
1628 4855 1672 4915 la·

407 4955 508 5036 pides,
532 4974 632 5015 unum
657 4955 809 5016 videlicet
832 4956 1018 5017 tarneolum
1044 4971 1074 5018 et
1097 4959 1197 5020 alium
1214 4973 1381 5041 tamquam
1398 4961 1563 5044 saphirum
1589 4963 1671 5042 nigri

407 5060 535 5137 coloris,
559 5075 605 5120 est
629 5062 695 5121 sola
721 5061 789 5120 sine
814 5061 984 5122 dalmatica
1010 5077 1041 5123 et
1064 5065 1182 5125 stricta.
