3810 5806
776 562 864 618 Anno
887 573 978 638 1491.
1469 560 1508 642 63

245 771 299 832 tati
325 771 420 851 igitur
452 771 563 833 Vestre
597 770 710 832 harum
741 770 820 830 serie
852 769 985 834 firmiter
1017 772 1211 854 precipimus
1243 787 1275 834 et
1308 773 1509 852 mandamus,

245 892 404 959 quatenus
428 877 566 959 acceptis
590 877 792 959 presentibus
823 876 983 959 prelatum
1018 878 1239 941 Sebastianum
1267 882 1299 941 in
1325 880 1509 942 dominium

245 984 328 1045 dicte
346 983 462 1045 domus
479 999 510 1045 et
527 984 797 1066 pertinentiarum
815 984 959 1046 eiusdem
977 984 1063 1067 juxta
1086 986 1351 1048 consuetudinem
1368 1003 1505 1048 vestram

244 1091 311 1152 sine
328 1090 436 1172 aliqua
462 1087 650 1152 difficultate
675 1089 878 1153 introducere
903 1091 1052 1153 etliteras
1075 1111 1171 1174 super
1195 1091 1381 1155 huiusmodi
1406 1093 1504 1156 intro·

244 1196 398 1258 duccione
423 1211 526 1258 vestra
551 1197 744 1258 necessarias
767 1197 826 1258 sub
851 1197 959 1279 sigillo
989 1198 1088 1280 ipsius
1112 1199 1249 1260 civitatis
1274 1213 1378 1262 nostre
1400 1200 1506 1262 eidem

245 1302 434 1364 Sebastiano
459 1301 534 1364 dare
559 1317 590 1364 et
606 1303 794 1381 concedere,
812 1303 983 1385 ipsumque
1005 1304 1043 1364 irr
1056 1303 1202 1366 dominio
1227 1305 1370 1368 eiusdem
1389 1305 1506 1368 domus

244 1407 373 1490 pacifice
392 1429 580 1470 conservare
604 1409 757 1488 debeatis,
782 1410 868 1471 aliud
888 1410 978 1471 nullo
1003 1411 1101 1472 modo
1119 1411 1221 1473 facere
1240 1427 1505 1494 presummentes.

242 1516 446 1578 Presentibus
463 1515 612 1597 perlectis
625 1516 786 1578 exhibenti
804 1517 964 1578 restitutis.
981 1517 1099 1578 Datum
1115 1517 1238 1579 Vienne
1262 1519 1294 1579 in
1313 1516 1393 1580 sesto
1419 1518 1502 1580 beati

243 1621 375 1704 Georgii
400 1623 546 1686 martiris.
572 1627 668 1684 Anno
693 1622 823 1684 Domini
850 1623 1023 1684 millesimo
1053 1623 1372 1706 quadringentesimo
1396 1639 1504 1687 octua-

240 1729 364 1810 gesimo
389 1742 513 1793 octavo.
540 1729 579 1790 Et
603 1729 678 1810 quia
702 1729 922 1811 superioribus
944 1731 1144 1812 temporibus
1168 1743 1240 1812 post
1264 1731 1336 1792 data
1362 1731 1504 1814 ipsarum

241 1835 405 1897 literarum
429 1834 542 1918 prefati
576 1835 713 1897 condam
747 1835 870 1897 domini
907 1837 1026 1898 Mathia
1057 1837 1150 1918 regis,
1183 1837 1248 1899 vita
1271 1837 1375 1900 adhuc
1400 1837 1505 1900 eidem

241 1943 358 2005 comite
382 1942 514 2024 quidam
541 1942 658 2004 Paulus
686 1941 867 2026 Brodarych
885 1945 1044 2004 asserebat
1068 1964 1101 2004 se
1126 1942 1193 2004 fore
1211 1943 1360 2006 heredem
1387 1958 1418 2007 et
1434 1965 1503 2006 suc·

241 2069 399 2110 cessorem
424 2048 617 2130 legittimum
644 2049 891 2130 prescriptarum
909 2049 1094 2128 domorum,
1113 2050 1251 2131 ideoque
1276 2069 1335 2112 nos
1360 2051 1505 2113 volentes

240 2153 420 2217 satisfacere
444 2155 569 2235 justicie
587 2169 617 2216 et
636 2155 860 2217 consuetudini
886 2157 925 2216 ab
943 2156 1077 2237 antiquo
1095 2159 1270 2238 approbate
1288 2156 1383 2219 huius
1400 2171 1506 2219 nostre

240 2261 386 2339 civitatis,
411 2281 466 2343 per
491 2261 597 2322 literas
622 2274 745 2323 nostras
769 2262 809 2322 ad
834 2275 937 2322 certos
959 2261 1116 2323 terminos
1134 2261 1238 2344 ipsum
1264 2263 1400 2324 Paulum
1428 2263 1504 2324 Bro-

240 2368 357 2449 darych
390 2369 429 2429 ad
465 2368 639 2430 dicendum
672 2383 781 2430 contra
815 2369 1007 2450 premissum
1040 2368 1227 2432 mandatum
1259 2370 1335 2432 dicti
1368 2370 1504 2432 condam

240 2475 363 2535 domini
391 2474 509 2536 Mathie
534 2475 617 2556 regis
642 2489 697 2537 aut
729 2475 975 2536 assentiendum
1008 2474 1113 2536 eidem
1146 2489 1285 2537 nostram
1320 2476 1351 2537 in
1376 2495 1505 2558 presen-

240 2581 320 2642 ciam
346 2580 472 2642 evocari
498 2579 643 2659 fecimus,
667 2581 722 2662 qui
749 2580 881 2663 quidem
908 2580 1026 2642 Paulus
1051 2581 1234 2663 Brodarych
1260 2581 1290 2642 in
1317 2582 1372 2644 tali
1397 2597 1505 2644 nostra

239 2687 431 2749 evocacione
465 2707 522 2750 nec
553 2707 608 2769 per
632 2707 665 2748 se
698 2707 756 2748 nec
790 2707 846 2769 per
877 2707 970 2748 suurn
1003 2702 1243 2769 procuratorem
1277 2707 1384 2750 coram
1410 2689 1504 2750 nobis

239 2813 423 2875 comparere
448 2793 570 2854 curavit
595 2807 625 2854 et
650 2813 686 2853 ex
704 2791 1001 2874 superhabundanti
1019 2806 1202 2876 expectatus
1221 2813 1285 2855 non
1311 2795 1504 2876 comparuit,

238 2899 291 2961 sed
317 2899 487 2980 negocium
507 2899 610 2981 ipsum
629 2899 757 2960 racione
780 2899 864 2962 dicte
888 2899 1004 2961 domus
1021 2919 1077 2982 per
1101 2900 1197 2980 longa
1215 2915 1360 2981 tempora
1386 2901 1416 2962 in
1435 2921 1501 2962 sus·

236 3025 335 3088 penso
360 3020 391 3068 et
422 3005 708 3068 indeterminanter
731 3007 885 3087 protraxit
909 3021 939 3069 et
965 3025 1029 3067 non
1055 3021 1245 3089 prosecutus
1270 3022 1326 3068 est.
1352 3007 1503 3068 Tandem

238 3129 314 3172 vero
348 3111 540 3173 adveniente
571 3127 643 3193 post
676 3127 759 3174 certa
792 3126 937 3194 tempora
969 3113 1076 3194 elapsa
1109 3113 1329 3174 illustrissimo
1361 3113 1504 3195 principe

237 3217 382 3296 domino,
408 3217 542 3279 domino
566 3218 712 3280 lohanne
738 3217 883 3280 Coruino
902 3218 1084 3296 Sclauonie,
1104 3218 1276 3300 Lipthouie
1294 3233 1323 3280 et
1349 3217 1499 3302 Oppauie

236 3324 316 3385 duce
327 3337 398 3404 etc.,
415 3324 550 3386 domino
570 3325 824 3386 nostronaturali
842 3324 1080 3405 graciosissimo
1099 3339 1129 3386 et
1142 3324 1234 3386 hicin
1253 3325 1380 3386 civitate
1397 3339 1503 3386 nostra

236 3433 410 3494 constituto
434 3443 465 3493 et
489 3431 702 3493 commoranti
726 3451 782 3514 per
808 3445 911 3492 certos
934 3451 1010 3492 suos
1038 3429 1148 3492 fideles
1173 3432 1339 3510 mandans,
1364 3430 1497 3493 commi-

237 3552 370 3619 tensquc
397 3538 490 3600 nobis
513 3537 721 3616 strictissime,
746 3551 841 3620 prout
865 3534 967 3598 felicis
995 3537 1232 3599 recordacionis
1257 3534 1398 3618 prelatus
1422 3555 1498 3598 con·

237 3644 311 3706 dam
336 3643 488 3706 dominus
521 3643 657 3706 Mathias
690 3665 742 3704 rex
773 3644 900 3725 genitor
937 3643 1036 3725 ipsius
1069 3643 1193 3705 domini
1226 3643 1335 3722 ducis,
1365 3642 1500 3704 domum

237 3752 339 3832 ipsam
364 3749 487 3833 prefato
513 3751 702 3814 Sebastiano
720 3751 851 3812 dederat
876 3765 906 3812 et
930 3751 1116 3829 donaverat,
1133 3751 1178 3810 sic
1202 3763 1233 3812 et
1257 3750 1324 3831 ipse
1349 3749 1501 3811 dominus

237 3859 301 3919 dux
325 3859 410 3920 dicto
437 3857 785 3920 Sebastianodomum
820 3858 920 3940 ipsam
954 3857 1042 3918 dedit
1067 3871 1097 3918 et
1129 3857 1271 3936 donavit,
1296 3857 1500 3919 committens

237 3967 330 4028 nobis
354 3965 561 4042 strictissime,
587 3981 622 4028 ut
645 3965 731 4027 dicto
762 3965 951 4028 Sebastiano
975 3965 1082 4026 literas
1107 3964 1242 4026 civitatis
1267 3985 1362 4046 super
1387 3964 1499 4024 eadem

237 4073 335 4134 domo
353 4073 427 4133 dare
446 4087 477 4134 et
494 4072 670 4152 concedere
682 4072 883 4134 deberemus.
902 4073 968 4133 Nos
981 4093 1057 4134 vero
1076 4072 1161 4133 iuxta
1180 4072 1365 4154 premissam
1381 4089 1498 4132 novam

236 4179 496 4240 commissionem
522 4179 596 4239 dicti
631 4178 755 4240 domini
788 4178 878 4241 ducis
911 4178 1011 4260 ipsam
1044 4178 1177 4240 domum
1211 4177 1371 4259 lapideam
1397 4177 1430 4238 in
1455 4177 1500 4238 vi·

236 4285 364 4346 cinitate
390 4285 570 4366 supradicta
595 4297 625 4346 et
658 4284 863 4366 pertinenciis
897 4283 1063 4358 universis,
1096 4303 1192 4344 unam
1218 4283 1249 4344 in
1274 4297 1342 4344 toto
1367 4283 1500 4362 curiam,

236 4391 340 4454 eidem
367 4392 556 4454 Sebastiano
582 4391 620 4452 de
646 4391 779 4453 Nandor
807 4411 842 4452 ac
876 4411 932 4474 per
956 4411 1028 4452 eum
1060 4391 1125 4450 suis
1150 4389 1321 4451 heredibus
1345 4391 1497 4472 premisse

235 4498 423 4560 donacionis
459 4497 553 4559 titulo
597 4497 657 4558 sibi
696 4497 893 4559 incumbenti
930 4497 961 4558 in
997 4496 1180 4558 dominium
1214 4497 1295 4557 dicte
1329 4497 1445 4558 domus
1470 4510 1500 4559 et

235 4605 504 4686 pertinentiarum
522 4623 652 4666 suarum
670 4603 756 4684 juxta
774 4604 960 4686 premissam
978 4603 1210 4665 strictissimam
1235 4603 1497 4665 commissionem

236 4725 266 4773 et
289 4726 431 4772 nostram
455 4709 720 4772 consuetudinem
758 4710 995 4771 introduximus
1027 4725 1057 4770 et
1089 4710 1258 4772 statuimus
1283 4723 1312 4770 et
1338 4725 1500 4790 presentes

235 4817 341 4880 literas
365 4831 488 4878 nostras
511 4817 618 4898 sigillo
652 4831 760 4878 nostro
793 4817 957 4878 communi
988 4818 1153 4878 roboratas
1185 4815 1289 4876 eidem
1324 4815 1497 4896 superinde

236 4923 460 4988 concessimus.
486 4923 604 4984 Datum
629 4921 706 4984 feria
732 4923 843 5004 quinta
875 4923 1020 5005 proxima
1054 4937 1125 5004 post
1150 4919 1265 4982 festum
1290 4923 1374 4984 beati
1400 4921 1494 4982 Fran·

236 5031 308 5092 cisci
334 5029 534 5092 confessoris.
561 5033 656 5090 Anno
683 5029 814 5090 Domini
840 5029 1012 5090 millesimo
1046 5029 1364 5111 quadringentesimo
1388 5049 1493 5112 supra·

237 5135 339 5214 dicto;
367 5135 417 5197 cui
442 5135 514 5197 data
539 5151 585 5196 est
608 5135 699 5196 litera
724 5135 944 5217 privilegialis.
