3810 5806
771 527 858 585 Anno
880 539 974 603 1490.
1465 525 1502 586 61

343 739 420 802 Item
447 739 536 822 quod
560 739 636 821 quia
660 738 795 821 provida
819 752 850 800 et
874 738 1008 800 honesta
1034 739 1150 800 mulier
1175 737 1349 818 Dorothea,
1375 757 1506 801 consors

242 846 399 928 legittima
426 846 547 909 Mathie
579 847 744 924 institoris,
777 844 876 924 dedit,
908 845 1040 906 donavit
1073 861 1103 907 et
1134 847 1318 928 propinavit
1343 848 1504 929 quandam

239 953 428 1036 particulam
453 952 619 1014 cuiusdam
638 953 730 1013 vinee
754 971 811 1012 sue
828 950 1075 1030 condicionalis,
1094 952 1177 1013 inter
1202 953 1329 1014 vineam
1356 953 1414 1014 viri
1433 973 1507 1035 pro·

238 1058 304 1120 vidi
330 1073 361 1121 et
384 1058 510 1120 bonesti
543 1058 673 1120 Andree
705 1058 868 1140 arcuparis
900 1057 975 1119 dicti
988 1057 1036 1140 (l),
1069 1058 1210 1120 concivis
1243 1059 1354 1138 nostri,
1379 1061 1418 1120 ab
1444 1079 1506 1122 una

237 1165 388 1228 videlicet
418 1187 436 1227 a
468 1165 674 1228 meridionali
708 1177 796 1246 parte
828 1177 859 1226 et
890 1165 971 1226 inter
1004 1165 1098 1226 aliam
1132 1164 1320 1246 particulam
1355 1165 1501 1227 eiusdem

238 1271 337 1353 ipsius
361 1273 401 1332 ab
425 1272 525 1333 altera
553 1271 704 1334 videlicet
735 1291 754 1332 a
785 1271 1040 1353 septemtrionali
1075 1285 1175 1352 parte,
1209 1271 1347 1354 desuper
1370 1293 1387 1333 a
1412 1273 1506 1334 vinea

237 1375 351 1458 prefati
370 1377 490 1439 Mathis
507 1377 692 1460 supradicti,
710 1374 790 1438 inira
813 1378 972 1460 usquead
991 1378 1129 1440 rivulum
1150 1397 1221 1438 curn
1240 1379 1381 1459 virgulto
1399 1379 1504 1441 eidem

237 1483 330 1546 vinee
355 1484 544 1564 subjacenti,
569 1485 628 1546 sub
653 1485 747 1546 metis
772 1499 803 1545 et
826 1485 972 1546 terminis
1004 1483 1085 1546 infra
1116 1484 1285 1547 declaratis
1309 1485 1450 1546 habitam
1476 1499 1506 1548 et

242 1590 443 1669 existentem,
469 1611 504 1652 ac
529 1611 601 1653 cum
626 1591 717 1652 totali
735 1590 859 1653 koucha
885 1589 1023 1672 desuper
1040 1590 1152 1653 eadem
1178 1591 1270 1652 vinea
1295 1591 1414 1669 habita,
1431 1611 1503 1653 curn

238 1697 390 1759 omnibus
414 1697 558 1760 eiusdem
583 1698 719 1759 vinealis
751 1697 915 1779 porcionis
943 1697 1048 1758 eidem
1082 1697 1201 1759 Mathie
1227 1698 1365 1760 institori
1389 1699 1505 1760 marito

237 1824 295 1865 suo
319 1804 491 1885 legittimo,
515 1805 558 1866 ob
583 1823 725 1866 amorem
765 1803 943 1886 conjugalis
975 1803 1172 1882 dileccionis,
1205 1804 1247 1866 ita
1271 1817 1391 1881 tamen,
1415 1804 1504 1886 quod

237 1907 377 1992 prefatus
413 1909 550 1972 Mathias
585 1930 620 1972 ac
653 1930 709 1992 per
743 1930 816 1971 curn
859 1910 964 1972 cuncti
997 1911 1045 1971 sui
1081 1909 1215 1972 heredes
1247 1925 1278 1973 et
1308 1930 1506 1973 successores

236 2016 375 2078 universi
400 2016 502 2098 ipsius
526 2017 676 2079 videlicet
694 2017 850 2099 particule
873 2016 1008 2077 vinealis
1025 2017 1259 2079 condicionalis
1276 2037 1334 2100 pro
1358 2033 1504 2100 tempore

236 2143 434 2206 possessores
457 2124 592 2206 singulis
615 2125 707 2186 annis
731 2138 762 2185 et
789 2123 990 2205 temporibus
1024 2124 1191 2206 perpetuis
1222 2137 1368 2206 ternpore
1391 2124 1503 2186 vinde·

236 2231 392 2292 miacions
416 2250 550 2292 uvarum
576 2231 686 2292 decem
713 2249 785 2290 cum
815 2229 921 2290 media
955 2230 1059 2309 pintas
1092 2230 1186 2290 musti
1220 2229 1251 2290 in
1277 2230 1404 2312 propria
1433 2249 1502 2291 vec·

236 2352 304 2398 tura
330 2337 504 2398 colendino
524 2337 711 2399 Latinorum
736 2337 810 2396 dare
841 2335 972 2398 debebit
1004 2350 1035 2397 et
1063 2337 1268 2397 tenebuntur.
1295 2337 1378 2397 Mete
1396 2351 1501 2396 autern

236 2458 266 2505 et
289 2445 418 2505 termini
444 2443 605 2525 sepedicte
631 2443 785 2524 particule
804 2442 1063 2523 vinealis‘ipsius
1088 2441 1207 2503 Mathie
1232 2462 1269 2502 ac
1294 2443 1423 2523 virgulti
1441 2442 1501 2503 sibi

235 2549 429 2628 subiacentis
453 2549 513 2611 boc
537 2549 637 2611 modo
662 2563 837 2631 ponuntur,
862 2549 949 2630 quod
975 2549 1077 2630 prima
1114 2563 1199 2610 meta
1225 2549 1324 2630 ipsius
1348 2549 1502 2630 particule

235 2657 371 2719 vinealis
395 2677 413 2718 a
436 2657 529 2718 vinea
564 2657 664 2739 ipsius
696 2656 825 2718 Andree
857 2657 1019 2738 arcuparis
1050 2675 1066 2718 a
1093 2656 1186 2738 plaga
1211 2656 1417 2718 meridionali
1441 2659 1501 2717 sub

235 2764 353 2826 vitibus
378 2764 409 2825 in
436 2763 575 2846 virgulto
601 2763 713 2845 incipit
736 2763 767 2823 in
793 2764 906 2824 arbore
925 2775 1082 2840 castanee,
1107 2762 1224 2824 deinde
1249 2761 1337 2824 vadit
1362 2761 1443 2824 inira
1469 2764 1501 2824 in

236 2871 398 2953 quandam
424 2872 572 2933 arborem
598 2867 724 2934 bwlrew
756 2869 887 2948 dictam,
919 2889 1011 2930 cruce
1047 2869 1279 2950 consignatam,
1315 2884 1345 2930 et
1369 2869 1407 2929 de
1434 2870 1501 2951 ipsa

236 2977 462 3040 descendendo
487 2978 573 3040 cadit
597 2977 628 3038 in
654 2975 801 3054 fluvium,
834 2992 864 3037 et
896 2996 951 3058 per
983 2976 1088 3058 ipsum
1121 2975 1256 3036 fluvium
1280 2995 1336 3036 seu
1361 2975 1500 3038 rivulum

235 3103 331 3166 supra
355 3084 463 3146 eundo
489 3084 529 3146 ad
554 3083 697 3145 medium
723 3083 826 3144 noctis
858 3083 889 3144 in
916 3084 1002 3144 bono
1034 3082 1144 3164 spacio
1169 3081 1342 3144 reflectitur
1366 3082 1405 3143 de
1431 3083 1501 3164 ipso

234 3189 333 3253 fluvio
357 3191 397 3253 ad
422 3205 545 3273 partem
569 3190 713 3252 dextram
739 3190 770 3250 in
797 3207 893 3251 unam
918 3191 1066 3250 arborem
1092 3188 1191 3270 vulgo
1216 3190 1341 3250 bwkevv
1367 3189 1499 3266 dictam,

238 3297 356 3359 deinde
380 3317 476 3380 supra
500 3316 610 3359 versus
641 3309 763 3379 partem
797 3294 986 3358 orientalem
1019 3295 1121 3357 tendit
1157 3296 1188 3356 in
1214 3297 1360 3358 arborem
1385 3299 1501 3376 graber

234 3423 326 3466 cruce
359 3404 591 3485 consignatam,
624 3402 664 3464 de
697 3422 759 3484 qua
792 3400 935 3463 ascendit
967 3401 1006 3462 ad
1039 3403 1188 3463 arborem
1220 3401 1329 3483 querci
1354 3402 1501 3462 similiter

236 3529 329 3572 cruce
354 3510 525 3592 signatam,
550 3524 582 3571 et
605 3509 649 3571 sic
673 3508 886 3570 terminantur
910 3527 1008 3590 penes
1037 3507 1173 3570 eandem
1197 3507 1387 3590 particulam
1413 3507 1501 3568 vine·

234 3617 318 3678 alem
342 3617 382 3678 ab
408 3615 612 3678 meridionali
645 3627 753 3697 parte3
786 3614 835 3676 cui
871 3614 943 3674 data
968 3627 1014 3674 est
1045 3613 1137 3676 litera
1170 3613 1380 3696 privilegialis
1404 3633 1500 3695 super

235 3723 411 3805 premissis.

339 3829 417 3891 ltem
453 3828 541 3910 quod
576 3828 651 3911 quia
683 3827 818 3911 provida
852 3841 882 3888 et
913 3826 1048 3890 honesta
1081 3825 1213 3888 domina
1246 3827 1411 3889 Dorothea
1435 3825 1499 3888 filia

234 3935 371 3998 condam
389 3935 518 3997 Andree
536 3935 722 4018 Symonych
744 3935 819 3996 dicti
844 3934 953 3996 relicta
971 3953 1047 3995 vero
1071 3933 1208 3996 condam
1229 3933 1347 3994 Matbie
1372 3934 1500 3996 sartoris

233 4041 379 4104 vendidit
403 4043 567 4123 quandam
592 4043 726 4104 domum
751 4061 841 4102 suam
859 4041 1000 4122 ligneam
1018 4054 1048 4103 et
1066 4039 1300 4120 hedificiorum,
1325 4040 1499 4122 celariique

233 4149 431 4211 subterranei
456 4149 489 4210 in
514 4148 597 4210 dicta
622 4149 749 4210 civitate
775 4149 856 4209 inter
881 4147 1015 4208 domum
1034 4146 1181 4208 similiter
1205 4147 1346 4228 ligneam
1372 4160 1402 4208 et
1427 4166 1498 4208 tnu-

233 4268 334 4316 ratam
359 4253 505 4316 eiusdem
538 4255 670 4317 domine
699 4277 716 4316 a
749 4267 837 4337 parte
870 4254 1001 4316 australi
1026 4269 1057 4316 et
1089 4254 1170 4314 inter
1195 4253 1328 4314 domurn
1354 4253 1499 4334 ligneam

233 4361 293 4422 viri
317 4361 445 4443 providi
471 4375 501 4422 et
526 4361 650 4424 honesti
676 4361 832 4423 lobannis
857 4361 1011 4422 institoris
1035 4360 1159 4443 pridem
1184 4358 1278 4442 jurati
1303 4374 1334 4422 et
1358 4361 1500 4422 concivis

234 4468 333 4529 nostri
357 4469 397 4528 ab
421 4467 522 4530 altera
553 4468 704 4530 videlicet
735 4488 752 4529 a
783 4467 877 4550 plaga
910 4467 1114 4529 meridionali
1147 4481 1254 4550 parte,
1286 4481 1349 4529 tres
1374 4467 1405 4527 in
1430 4481 1499 4528 toto

233 4588 361 4656 quartas
385 4576 473 4637 curie
498 4575 585 4636 Luce
610 4573 677 4636 filio
705 4574 843 4636 condam
869 4573 1002 4654 Georgii
1036 4573 1075 4636 de
1101 4575 1223 4656 Posega
1248 4575 1315 4655 jure
1341 4587 1498 4655 perpetuo

233 4702 292 4765 pto
322 4681 392 4745 flor.
419 4673 556 4765 'triginta
588 4695 728 4765 septem3
762 4682 812 4743 cui
844 4681 917 4775 data
959 4695 1005 4744 est
1037 4682 1128 4744 litera
1161 4681 1369 4764 privilegialis
1404 4700 1499 4763 super

233 4789 408 4871 premissis.

762 4980 974 5000 —0-0—0—
