3810 5806
396 523 434 605 58
924 526 1011 584 Anno
1034 539 1128 606 1490.

394 738 494 800 immo
527 751 557 800 et
581 738 662 801 nulli
694 749 871 820 proventus
903 738 1002 799 nostri
1034 757 1224 799 communes
1255 739 1295 800 ab
1327 738 1438 800 eadem
1469 737 1569 801 domo
1593 758 1660 801 non

392 843 614 925 provenissent
639 863 744 924 neque
769 845 923 926 persoluti
941 843 1094 922 fuissent;
1118 865 1181 926 que
1198 845 1316 907 domus
1339 859 1400 907 stat
1424 845 1506 907 inter
1522 845 1658 908 domum

393 965 423 1012 et
455 949 591 1012 fundum
622 951 680 1012 viri
714 951 840 1033 providi
876 951 1005 1014 Andree
1040 953 1157 1014 sutoris
1188 951 1355 1015 Chranecz
1386 952 1473 1030 dicti,
1508 953 1547 1013 ab
1584 972 1659 1031 una,

392 1058 582 1120 videliceta
615 1058 819 1120 meridionali
852 1072 960 1140 parte,
992 1072 1024 1120 et
1056 1059 1139 1121 inter
1170 1060 1306 1120 domurn
1336 1078 1393 1122 seu
1425 1057 1561 1120 fundum
1595 1059 1654 1120 viri

392 1164 539 1226 similiter
564 1165 689 1246 providi
716 1164 934 1226 Bartholomei
959 1165 1087 1244 sutoris,
1111 1167 1150 1226 ab
1169 1165 1278 1244 altera,
1303 1164 1455 1226 videlicet
1477 1165 1654 1243 australia

393 1284 483 1352 parte
509 1285 614 1332 autem
649 1271 797 1334 orientali
830 1271 935 1353 platee
969 1291 1168 1350 communes,
1201 1286 1330 1354 aparte
1362 1291 1439 1334 vero
1463 1271 1655 1334 occidentali

392 1380 451 1439 sub
477 1393 585 1440 monte
611 1391 641 1440 et
665 1376 785 1440 fossato
809 1378 956 1458 civitatis,
977 1393 1061 1441 meta
1086 1399 1142 1461 per
1158 1378 1310 1460 judicem,
1327 1379 1511 1460 juratosque
1528 1393 1654 1441 nostros

391 1499 455 1545 tam
474 1485 647 1546 modernos
671 1505 768 1566 quam
786 1485 928 1546 seniores
946 1499 976 1546 et
1000 1485 1215 1568 aliosquoque
1233 1486 1340 1568 plures
1357 1486 1506 1548 concives
1531 1498 1657 1547 nostros

391 1591 617 1671 demonstrata,
642 1593 696 1654 tali
723 1593 832 1670 modo,
857 1593 945 1674 quod
971 1593 1038 1674 ipse
1063 1593 1208 1654 Andreas
1225 1607 1313 1654 sutor
1336 1607 1370 1654 et
1394 1593 1493 1676 ipsius
1517 1591 1652 1654 heredes

391 1718 447 1759 seu
471 1718 669 1760 successores
692 1699 831 1760 universi
857 1717 967 1760 versus
991 1699 1204 1762 monticulum
1230 1699 1368 1762 civitatis
1392 1700 1505 1782 quevis
1529 1698 1654 1762 edificia

391 1805 591 1866 stabulorum
616 1819 671 1866 aut
694 1805 859 1866 domicilia
892 1825 1064 1887 porcorum
1097 1820 1127 1866 et
1156 1825 1214 1867 nec
1247 1806 1389 1868 cloacam
1414 1806 1454 1867 sit
1477 1825 1572 1868 ausus
1595 1826 1655 1872 seu

391 1911 453 1972 sint
476 1911 647 1993 disponere
671 1910 721 1973 vel
748 1910 896 1973 edificare
931 1912 1030 1973 modo
1064 1912 1196 1994 aliquali
1222 1914 1282 1974 sub
1313 1932 1396 1994 pena
1421 1912 1500 1974 alias
1524 1913 1564 1974 de
1589 1912 1657 1993 jure

392 2032 552 2095 consveta,
577 2018 716 2079 mediam
743 2019 862 2079 curiam
899 2019 930 2079 in
964 2039 997 2080 se
1031 2019 1263 2096 continentem,
1297 2019 1397 2080 immo
1422 2018 1543 2100 prefata
1567 2039 1655 2080 com·

392 2124 531 2184 munitas
555 2123 644 2186 dedit
668 2137 698 2186 et
715 2124 846 2185 donavit
865 2125 994 2186 Andree
1019 2125 1118 2186 sutori
1137 2124 1175 2184 de
1193 2125 1359 2202 suburbio,
1377 2137 1533 2206 perpetuo
1552 2125 1654 2206 possi·

393 2230 551 2306 dendam;
576 2231 625 2292 cui
652 2231 723 2292 data
749 2245 795 2291 est
820 2231 910 2292 litera
936 2231 1145 2312 privilegialis
1168 2251 1265 2313 super
1288 2231 1460 2313 premissis.

498 2336 573 2398 ltem
600 2337 687 2418 quod
714 2337 789 2419 quia
807 2337 941 2419 provida
959 2351 990 2400 et
1007 2337 1140 2399 honesta
1161 2338 1293 2399 domina
1313 2336 1513 2416 Margaretha
1531 2352 1656 2415 vocata,

392 2443 498 2504 relicta
524 2443 660 2504 condam
686 2444 744 2505 viri
769 2443 894 2526 providi
920 2457 950 2504 et
974 2444 1102 2506 honesti
1121 2444 1241 2506 Mathie
1266 2445 1395 2506 sartoris
1420 2444 1512 2505 aliter
1537 2444 1655 2505 Radlin

392 2552 507 2629 vocati,
533 2551 667 2612 senioris
692 2551 785 2632 jurati
818 2564 849 2612 et
878 2551 1019 2612 concivis
1051 2551 1150 2612 nostri
1183 2551 1350 2632 legittima,
1378 2551 1539 2612 executrix
1563 2564 1656 2612 testa·

391 2658 490 2720 menti
515 2657 623 2740 scripti
650 2657 794 2719 eiusdem
821 2655 940 2718 Mathie
966 2658 1071 2718 mariti
1105 2657 1153 2717 sui
1178 2657 1340 2737 legittimi,
1365 2656 1507 2718 concivis
1539 2670 1657 2734 nostra,

391 2764 481 2826 dedit
505 2775 536 2825 et
567 2763 752 2846 propinavit
785 2763 922 2824 Martino
958 2763 1069 2824 sartori
1111 2761 1179 2824 lilio
1215 2783 1273 2824 suo
1306 2763 1460 2844 adoptivo
1492 2762 1655 2845 quandam

391 2871 525 2931 domum
550 2889 639 2930 suam
665 2883 833 2946 muratam,
858 2869 953 2929 simul
979 2889 1051 2930 cum
1071 2870 1227 2930 universis
1251 2870 1507 2951 possessionibus
1531 2869 1595 2930 suis
1621 2869 1651 2930 in

391 2977 472 3038 dicta
493 2977 618 3038 civitate
637 2991 667 3038 et
692 2977 760 3038 eius
783 2975 943 3036 territorio
958 2976 1063 3036 ubivis
1077 2976 1199 3038 habitas
1209 2990 1239 3038 et
1260 2977 1439 3054 existentes,
1457 2976 1654 3058 supradictas

390 3086 506 3145 domos
528 3099 677 3161 muratas,
703 3084 822 3161 vineas,
848 3083 995 3164 (h)ortos,
1021 3097 1188 3164 ceteraque
1218 3084 1327 3144 omnia
1354 3085 1438 3145 bona
1463 3083 1597 3144 mobilia
1622 3097 1654 3144 et

390 3191 569 3252 immobilia
594 3191 652 3251 sub
678 3189 799 3250 eisdem
824 3189 917 3250 metis
941 3203 972 3250 et
996 3203 1153 3251 metarunt
1177 3189 1276 3270 signis
1303 3189 1407 3251 eidem
1434 3189 1573 3251 Martino
1592 3209 1656 3250 sar-

388 3297 449 3358 tori
476 3296 640 3378 ipsiusque
666 3294 836 3356 heredibus
862 3311 892 3356 et
915 3296 1154 3376 posteritatibus
1172 3297 1347 3372 universis;
1373 3295 1424 3357 cui
1449 3295 1522 3358 data
1547 3309 1593 3357 est
1617 3295 1656 3357 li·

390 3416 459 3464 tera
483 3402 693 3485 privilegialis
717 3421 813 3482 super
838 3402 1008 3482 premissis.

497 3508 573 3570 ltem
600 3509 688 3589 quod
714 3508 789 3590 quia
814 3507 968 3589 providus
996 3508 1044 3568 vir
1076 3507 1215 3568 Michael
1248 3505 1377 3589 pellifex
1411 3506 1497 3568 filius
1522 3505 1656 3588 Georgii

390 3613 603 3697 Naspychych
630 3615 732 3674 dictus
756 3613 902 3675 vendidit
926 3613 1089 3695 quandam
1115 3614 1250 3675 domum
1267 3633 1356 3675 suam
1383 3615 1415 3675 in
1441 3614 1568 3676 civitate
1586 3634 1657 3696 pre-

390 3721 452 3783 fata
477 3723 558 3782 inter
583 3722 716 3783 domum
743 3734 900 3781 muratam
925 3741 961 3781 ac
985 3721 1123 3782 lundum
1154 3739 1373 3782 successorum
1398 3741 1454 3781 seu
1479 3721 1657 3782 liberorum

389 3828 448 3889 viri
475 3827 612 3891 condam
638 3827 763 3909 providi
797 3842 827 3887 et
859 3825 984 3888 honesti
1010 3827 1165 3888 Johannis
1198 3827 1352 3889 institoris
1385 3827 1477 3888 aliter
1503 3827 1655 3910 Hansych

295 3995 297 3998 .
390 3934 477 4011 dicti,
502 3934 580 3996 olim
606 3933 721 4015 judicis
745 3948 775 3993 et
800 3933 941 3995 concivis
965 3934 1077 4012 nostri,
1101 3954 1118 3995 a
1144 3947 1231 4016 parte
1260 3933 1410 3995 videlicet
1435 3933 1655 4012 meridionali,

390 4060 426 4102 ac
451 4041 533 4102 inter
556 4041 689 4101 domum
715 4053 746 4101 et
771 4038 906 4100 fundum
933 4040 992 4101 viri
1021 4041 1148 4122 providi
1182 4053 1213 4102 et
1237 4041 1363 4104 honesti
1397 4039 1565 4102 Michaelis
1590 4059 1656 4101 car·

390 4145 503 4226 nificis,
529 4167 545 4208 a
570 4147 822 4228 septemtrionali
849 4159 947 4228 parte,
973 4146 1052 4208 duas
1076 4161 1203 4228 quartas
1228 4146 1298 4208 flor.
1328 4162 1478 4228 quatuor,
1503 4161 1534 4208 et
1558 4165 1655 4207 unam

390 4267 535 4335 quartam
561 4255 626 4330 (sic)
649 4253 833 4335 propinavit
858 4253 959 4313 Paulo
984 4253 1125 4314 sellatori
1160 4252 1227 4314 lilio
1252 4253 1403 4314 videlicet
1428 4252 1590 4314 Valentini
1616 4251 1656 4313 de

391 4359 640 4440 Bothu-Mager3
666 4359 716 4420 cui
741 4359 813 4420 data
839 4372 885 4420 est
909 4359 1001 4420 litera
1026 4359 1236 4441 privilegialis
1260 4379 1355 4441 super
1379 4358 1552 4440 premissis.

497 4466 573 4527 ltem
600 4465 688 4547 quod
715 4467 790 4546 quia
825 4466 978 4548 providus
1011 4480 1041 4528 et
1073 4466 1226 4528 honestus
1258 4466 1444 4528 Lodouicus
1477 4465 1555 4526 civis
1580 4465 1655 4546 Seg-

390 4573 510 4634 niensis
534 4572 619 4633 filius
643 4573 782 4633 condam
800 4572 883 4634 Petri
911 4573 1063 4655 Stephani
1082 4573 1121 4634 de
1140 4573 1295 4656 Ryminio
1319 4571 1466 4633 vendidit
1491 4571 1655 4652 quandam

332 4693 335 4698 ·
390 4680 523 4742 domum
550 4694 720 4758 muratam,
755 4694 820 4740 tam
850 4681 1002 4760 ligneam,
1035 4681 1183 4742 similiter
1213 4695 1244 4742 et
1276 4679 1429 4741 celarium
1454 4698 1527 4740 cum
1552 4679 1658 4760 operis

390 4787 549 4848 universis
573 4789 651 4867 (sic),
683 4787 715 4847 in
749 4799 817 4847 toto
850 4805 947 4848 unam
981 4787 1101 4847 curiam
1134 4788 1289 4868 integram
1320 4800 1350 4846 et
1375 4805 1473 4846 unam
1498 4797 1657 4867 quartam,

390 4895 471 4955 inter
496 4893 629 4955 domum
655 4906 685 4954 et
709 4891 845 4954 fundum
872 4893 962 4952 Pauli
994 4892 1162 4971 Horwath,
1179 4895 1219 4954 ab
1244 4912 1319 4969 una,
1343 4891 1494 4953 videlicet
1518 4911 1535 4952 a
1562 4891 1655 4952 meri·

391 4999 511 5063 dionali
535 5014 634 5084 parte,
660 5012 690 5061 et
715 4998 866 5084 Symonis
898 4997 991 5082 jurati
1023 4999 1063 5061 ab
1094 4999 1203 5078 altera,
1236 4998 1388 5062 videlicet
1412 5017 1427 5059 a
1452 4997 1656 5084 septemtrio·
