3840 5800
1009 1421 1057 1500 V.

404 1673 508 1749 Anno
543 1671 653 1748 1485.
685 1673 892 1772 Registrum
931 1695 1041 1770 super
1077 1672 1237 1770 pecuniis
1266 1671 1361 1747 datis
1391 1694 1456 1770 per
1484 1671 1666 1748 Reveren-

403 1798 585 1872 dissimum
615 1796 794 1871 dominum
825 1794 1023 1871 Osualdum
1052 1797 1261 1895 episcopum
1295 1803 1365 1870 etc.
1397 1795 1443 1870 ad
1471 1795 1570 1872 facta
1599 1821 1663 1871 seu

731 1920 876 1996 labores
905 1919 1059 1994 ecclesie
1088 1919 1350 2018 zagrabiensis

509 2129 587 2194 Item
613 2129 690 2193 feris
716 2131 827 2212 quinta
852 2130 997 2211 proxima
1022 2143 1094 2211 post
1117 2127 1232 2190 festum
1257 2129 1341 2191 beati
1361 2127 1494 2210 Georgii
1518 2129 1667 2207 martiris,

405 2258 460 2320 per
485 2236 609 2320 Guspar
632 2237 844 2319 presbiterum
870 2235 955 2296 missi
982 2249 1055 2296 sunt
1074 2235 1249 2296 Benedicro
1266 2235 1441 2297 castellano
1466 2236 1666 2316 zagrabiensi

405 2365 462 2427 per
484 2344 654 2406 dominum
679 2342 719 2403 de
744 2342 901 2418 Dombro,
927 2342 958 2402 in
984 2341 1199 2404 monetis...
1226 2341 1294 2403 flor.
1319 2339 1388 2404 XX.

509 2447 586 2511 Item
611 2447 688 2511 feria
713 2461 800 2509 sexta
825 2448 971 2529 proxima
996 2461 1069 2529 post
1087 2445 1201 2508 Iestum
1220 2447 1425 2508 Ascensionis
1443 2447 1586 2526 Domini,
1611 2465 1668 2529 per

405 2557 545 2618 eundem
571 2555 695 2637 Gaspar
727 2555 814 2616 missi
847 2569 920 2616 sunt
951 2554 1057 2616 eidem
1089 2554 1274 2631 castellano,
1299 2555 1339 2614 de
1362 2555 1506 2616 Dombro
1531 2573 1587 2636 per
1610 2553 1667 2614 do·

406 2665 530 2724 minum
556 2660 872 2724 ReverendIssImurn
898 2661 930 2722 in
955 2661 1167 2722 monetis...
1193 2659 1263 2724 flor.
1287 2658 1397 2725 XXVI.

510 2767 587 2830 Item
613 2767 691 2829 feria
715 2767 812 2829 tercia
836 2781 908 2850 post
932 2766 1048 2828 festum
1081 2781 1187 2827 sancte
1220 2765 1388 2828 Trinitatis
1420 2766 1508 2828 missi
1532 2779 1606 2827 suut
1629 2766 1667 2827 de

404 2874 552 2956 lwanych
571 2921 578 2937 .
598 2924 603 2934 .
624 2921 629 2933 .
656 2873 724 2936 flor.
748 2871 817 2936 XX.

511 2980 589 3040 Item
615 2979 692 3041 feria
709 2979 806 3041 tercia
824 2991 897 3039 ante
914 2975 1030 3038 festum
1057 2977 1189 3038 Joannis
1208 2978 1358 3059 Baptiste,
1384 2978 1448 3040 dati
1474 2990 1547 3039 sunt
1562 2977 1666 3038 eidem

405 3107 461 3169 per
486 3106 599 3149 manus
623 3086 758 3163 domini,
783 3085 939 3165 Zagrabie
957 3134 962 3146 .
982 3133 1012 3145 ..
1039 3083 1107 3147 flor.
1132 3082 1265 3148 XXIIIII.

511 3192 588 3255 Item
623 3193 756 3253 sabbato
789 3207 862 3252 anre
896 3189 1106 3271 Margarethe,
1139 3191 1225 3251 missi
1258 3205 1333 3253 sunt
1364 3191 1467 3252 eidem
1494 3191 1668 3253 castellano

405 3299 604 3378 zagrabiensi
630 3317 686 3380 per
712 3296 865 3358 Mathiam
892 3297 1052 3357 notarium
1078 3296 1234 3374 eiusdem,
1257 3315 1294 3357 ex
1321 3297 1431 3358 Dobro
1456 3345 1462 3360 .
1487 3347 1518 3360 ..
1542 3296 1611 3360 flor.
1633 3295 1667 3360 II.

510 3404 587 3466 Item
613 3403 727 3464 eodem
753 3402 804 3462 die
830 3401 917 3462 missi
941 3415 1015 3462 sunt
1039 3421 1095 3483 per
1118 3401 1286 3463 dominum
1314 3403 1476 3482 Angelum
1502 3404 1666 3465 doctorem

405 3507 528 3590 prefato
553 3507 727 3568 castellano
752 3507 951 3584 zagrabiensi
976 3526 1034 3588 pro
1059 3507 1226 3568 laboribus
1244 3508 1378 3569 ecclesie
1405 3509 1436 3569 in
1462 3523 1591 3571 moneta
1616 3529 1669 3569 ve·

405 3628 478 3676 neta
502 3635 558 3697 per
583 3612 696 3678 I⁰XXX
721 3615 882 3676 markerus
906 3632 963 3694 pro
990 3612 1124 3688 floreno,
1143 3663 1148 3674 .
1169 3665 1199 3676 ..
1234 3613 1301 3678 flor.
1326 3613 1420 3692 XIIII,

511 3734 542 3782 et
566 3721 596 3781 io
621 3719 733 3781 solidis
758 3716 915 3780 lezulibus
933 3768 938 3779 .
959 3768 991 3781 ..
1025 3718 1095 3783 flor.
1119 3718 1212 3784 XVII.

511 3827 588 3888 Item
612 3824 690 3888 seria
723 3826 863 3887 secunda
895 3838 967 3905 post
999 3825 1166 3887 divisionis
1198 3827 1449 3908 Apostolorum,
1484 3829 1668 3890 missisunt

405 3953 460 4015 per
484 3933 653 3995 dominum
679 3932 844 3994 doctorem
870 3932 901 3993 in
923 3932 1162 3993 wiennensibus
1179 3981 1185 3994 .
1203 3981 1235 3995 ..
1262 3932 1331 3996 flor.
1356 3933 1405 3996 VI.

511 4053 542 4101 et
566 4040 598 4100 in
623 4039 808 4102 solidis...
833 4037 902 4101 flor.
925 4034 1021 4100 XXII.

511 4145 588 4206 Item
621 4146 652 4206 in
684 4142 765 4206 Iesto
798 4145 888 4205 beate
923 4143 1022 4204 Marie
1055 4143 1094 4203 de
1127 4143 1211 4223 nive,
1243 4146 1331 4206 missi
1363 4160 1437 4208 sunt
1465 4167 1521 4228 per
1545 4161 1667 4229 patrem

406 4252 615 4312 Ambrosium
641 4251 675 4314 in
700 4265 828 4312 monera
852 4250 1038 4332 wyennensi
1057 4299 1063 4311 .
1082 4301 1086 4311 .
1106 4299 1112 4313 .
1136 4249 1205 4315 flor.
1230 4250 1352 4317 XXIIII.

511 4358 589 4419 Item
616 4359 647 4418 in
672 4355 753 4418 festo
773 4355 1016 4437 Assumpcionis
1030 4357 1120 4417 beate
1138 4356 1270 4436 virginis
1283 4359 1371 4420 missi
1395 4373 1469 4421 sunt
1490 4379 1546 4440 per
1564 4360 1668 4436 Milsa,

407 4465 526 4525 Lucam
552 4476 583 4523 et
607 4463 817 4524 Benedictum
844 4462 929 4523 cives
960 4461 999 4521 de
1024 4460 1279 4544 Hrazthowycza
1311 4464 1351 4525 ad
1382 4465 1509 4527 labores
1534 4465 1666 4526 ecclesIe

407 4569 438 4630 in
463 4570 647 4632 solidis...
671 4568 740 4632 flor.
764 4567 823 4630 XX
848 4581 878 4628 et
903 4567 1073 4648 regalibus.

511 4673 588 4737 Item
613 4672 691 4737 feria
716 4675 828 4756 quinta
852 4675 884 4734 In
910 4687 1021 4734 octava
1045 4673 1129 4734 beati
1148 4674 1316 4736 Laurencii
1342 4677 1490 4756 martins,
1515 4678 1669 4758 magistro

408 4780 571 4861 Stephano
596 4779 824 4842 archidiacono
839 4778 1006 4841 Goriceusi
1033 4792 1064 4840 et
1082 4779 1256 4842 BenedIcto
1274 4783 1448 4844 castellano
1467 4783 1666 4864 zagrubiensi

408 4889 553 4950 misimus
586 4908 641 4969 per
675 4888 934 4949 Marthinlronem
968 4887 1180 4967 aprodisnum
1214 4903 1358 4951 nostrum
1391 4891 1423 4951 iu
1458 4873 1669 4952 monitis...

407 4993 474 5058 flor.
498 4992 570 5056 XXI
595 5014 654 5075 pro
679 4995 825 5055 emendis
849 4993 1013 5055 claviculis
1044 4993 1084 5054 ad
1109 4995 1278 5057 ecclesiam
1304 4995 1546 5058 Chasmensem.

932 5177 1143 5194 ——0-0—
