3840 5800
842 1637 936 1716 XIII.
951 1673 952 1676 Ν

259 1851 394 1950 (Anno)
442 1849 552 1927 1515.
591 1850 803 1950 Registrum
840 1850 975 1941 Iactum
1009 1873 1118 1951 super
1155 1853 1323 1952 expensis
1361 1855 1396 1928 in
1424 1853 1522 1930 facto

259 1973 379 2052 balnei
424 1975 647 2052 dominorum
684 1974 1006 2051 Prehendariotum
1048 1976 1232 2072 (ecclesie)
1271 1971 1522 2077 zagrabiensis

841 2100 951 2176 chori.

366 2311 441 2373 Item
475 2312 582 2394 prImo
612 2312 743 2394 quando
777 2311 894 2375 fecerat
933 2326 1037 2375 totum
1070 2311 1245 2393 collegium
1280 2313 1377 2374 citare
1413 2331 1520 2374 coram

263 2415 436 2479 Ordinatio
455 2418 587 2481 ecclesie
614 2420 841 2500 zagrabiensis,
866 2434 983 2482 eotunc
1010 2438 1068 2501 pro
1096 2419 1244 2481 relatoris
1269 2418 1434 2480 citacionis
1450 2439 1520 2480 erte·

260 2524 362 2586 cutoti
379 2573 386 2588 .
403 2572 410 2587 .
427 2570 435 2587 .
461 2524 532 2588 den.
557 2523 607 2589 VI.

364 2629 558 2692 Protestacio
584 2630 664 2693 facta
689 2649 795 2693 coram
822 2629 996 2694 Ordinatio
1032 2651 1093 2692 una
1199 2630 1270 2691 den.
1295 2625 1329 2693 II.
1353 2649 1448 2712 super
1472 2649 1522 2708 eo,

259 2736 347 2818 quod
374 2737 537 2798 debuisset
561 2737 649 2819 prius
680 2757 740 2799 nos
772 2739 933 2819 requirere
965 2757 1072 2798 coram
1106 2736 1247 2798 dominis
1272 2735 1425 2818 Capitulo
1451 2756 1519 2818 pre·

258 2840 325 2906 fato
350 2843 494 2922 ecclesie,
520 2841 615 2925 prout
648 2843 749 2905 eciam
784 2843 919 2904 lecimus
951 2844 982 2904 in
1008 2841 1111 2905 forma
1142 2841 1313 2922 juramenti
1338 2842 1465 2922 elatius,
1491 2857 1521 2903 et

258 2967 351 3010 causa
375 2949 443 3030 ipsa
467 2947 528 3010 fuit
551 2950 590 3010 ad
616 2950 765 3012 dominos
791 2949 984 3012 reverendos
1008 2963 1190 3032 provocata.
1460 2959 1464 2966 ’

364 3056 442 3118 Item
467 3055 499 3117 in
526 3056 629 3138 prima
654 3057 808 3117 instancia
833 3075 941 3117 coram
974 3055 1114 3117 domiuis
1139 3053 1293 3137 Capitulo
1319 3055 1518 3136 zagrabiensi

278 3161 296 3222 d
321 3161 473 3224 victualia
497 3164 695 3244 procuratori
721 3163 752 3223 in
777 3163 916 3223 termino
948 3162 1082 3244 expositi
1108 3175 1181 3222 sunt
1199 3207 1206 3221 .
1226 3209 1260 3222 ..
1285 3159 1358 3224 den.
1384 3161 1452 3224 XV.

186 3345 198 3356 ,Ι
312 3260 317 3269 ’
362 3267 438 3330 Item
464 3269 569 3332 eidem
594 3269 791 3352 procuratori
821 3269 851 3330 in
878 3288 971 3330 causa
1004 3267 1071 3350 ipsa
1104 3286 1205 3348 usque
1230 3265 1326 3328 finem
1354 3267 1418 3328 litis
1442 3287 1517 3328 con-

148 3351 193 3404 ’Ψ
257 3373 371 3437 vencio
395 3371 478 3437 facta
504 3373 564 3437 fuit
588 3373 656 3438 flor.
679 3373 742 3453 VI,
769 3373 815 3437 uti
840 3375 872 3436 in
897 3375 1002 3456 ptimo
1027 3373 1156 3435 instanti
1182 3373 1294 3434 habuit
1311 3421 1317 3434 .
1336 3421 1342 3435 .
1359 3423 1365 3436 .
1383 3371 1451 3435 flor.
1467 3370 1515 3434 III.

363 3479 440 3544 Item
465 3482 593 3544 cuidam
619 3482 742 3544 doctori
768 3483 879 3544 Rosso·
897 3501 955 3563 pto
974 3481 1206 3542 informacione
1232 3478 1337 3540 danda
1362 3479 1427 3540 dati
1445 3493 1520 3541 sunt

339 3588 408 3651 flor.
432 3587 477 3666 II.‚
502 3601 619 3650 eotunc
642 3588 846 3670 Zagrabiensi
872 3588 1041 3649 laboranti.

363 3695 440 3758 Item
466 3696 592 3758 notatio
609 3714 703 3756 cause
728 3712 784 3776 per
801 3693 1033 3755 annIcirculum
1059 3712 1161 3774 usque
1178 3693 1374 3754 sentenciam
1401 3691 1520 3753 dilliui·

256 3801 366 3879 tivam,
391 3801 641 3883 protestaciones
666 3814 696 3860 et
721 3800 783 3861 alla
806 3799 922 3881 scripta
956 3797 1036 3860 facta
1065 3817 1232 3879 pereum,
1257 3798 1350 3858 datus
1375 3811 1421 3858 est
1446 3843 1452 3856 .
1478 3843 1486 3860 .
1513 3834 1519 3847 ·

257 3906 326 3972 flor.
353 3907 374 3972 I.
399 3925 457 3990 pro
481 3907 601 3970 labore.

361 4013 439 4075 Item
464 4033 521 4094 pro
546 4013 642 4095 pariis
666 4013 830 4074 literarum
857 4031 912 4094 per
934 4009 1111 4094 A(ctotem)
1137 4009 1366 4092 productorum
1394 4009 1425 4070 in
1450 4009 1516 4070 vim

256 4121 471 4202 probationis,
496 4121 622 4181 notarIo
647 4120 712 4181 dati
737 4134 811 4181 sunt
828 4167 836 4183 .
854 4167 885 4182 ..
910 4117 981 4183 den.
1004 4114 1073 4181 XX.

352 4227 439 4307 Item
465 4245 696 4308 pergamenum
722 4245 779 4308 pro
802 4226 964 4288 sentencia
990 4225 1236 4286 diffinitiva...
1262 4223 1334 4286 den.
1359 4221 1428 4286 XX.

362 4333 439 4395 Item
465 4351 523 4415 pro
548 4334 650 4394 serico
674 4347 704 4394 et
728 4352 799 4394 cera
817 4382 822 4394 .
841 4381 872 4397 ..
899 4333 970 4397 deu.
993 4330 1057 4394 XII.

362 4439 438 4502 Item
464 4459 521 4521 pro
546 4439 746 4520 sigillacione
771 4440 932 4501 sentencie
965 4437 1135 4500 diffinitite
1160 4437 1283 4499 domini
1309 4435 1511 4518 Capitulares

256 4549 391 4610 omniuo
414 4547 567 4610 volebant
591 4547 707 4609 habere
732 4547 801 4610 flor.
825 4545 901 4626 xlt,
932 4547 987 4610 sed
1012 4565 1067 4628 per
1098 4544 1371 4627 supplicacionem
1396 4544 1506 4625 probo-

256 4675 325 4718 rum
350 4669 539 4739 receperunt
563 4654 632 4719 flor.
657 4673 768 4718 unum.

362 4763 439 4825 Item
464 4763 589 4824 notario
620 4781 677 4844 pro
712 4763 866 4844 scriptura
899 4759 1042 4823 eiusdem
1075 4758 1237 4821 sentencie
1269 4757 1335 4818 dati
1367 4770 1516 4826 sunt...

257 4871 318 4933 den
354 4867 432 4949 XX„
456 4885 487 4931 et
511 4871 562 4931 vix
588 4869 731 4952 placatus
756 4867 824 4933 fuit.

361 4977 438 5038 Item
464 4977 495 5037 in
522 4974 602 5038 festo
626 4977 794 5037 beatorum
820 4974 965 5036 Gervasii
991 4987 1022 5034 et
1052 4971 1207 5033 Prothasii
1233 4969 1314 5031 facta
1339 4983 1385 5029 est
1409 4967 1517 5050 appel·

256 5084 338 5146 lacio
362 5103 421 5166 pro
445 5097 533 5166 parte
559 5064 795 5166 exponenciurn
828 5082 867 5143 ad
901 5080 1144 5142 SanctissImum
1177 5077 1347 5138 dominum
1372 5075 1515 5137 Leonem
