3810 5806
990 549 1076 607 Anno
1099 559 1189 624 1500.

567 765 666 840 Quod
692 765 768 847 quia
793 765 894 847 proba
919 763 1020 824 Elena
1044 775 1156 824 vocata
1173 761 1283 823 relicta
1308 758 1447 822 condam
1473 759 1571 820 Marci
1594 757 1722 832 sutoris,

459 892 544 934 nunc
567 890 644 933 vero
668 889 800 932 consors
824 870 982 952 legittima
1006 867 1133 950 providi
1158 867 1217 928 viri
1244 866 1335 928 Pauli
1353 866 1470 928 sutoris
1494 864 1611 946 Valyas
1635 863 1724 940 dicti,

460 998 625 1042 assumens
648 997 745 1040 omne
769 997 852 1039 onus
875 991 906 1038 et
929 994 1103 1057 gravamen
1131 993 1227 1057 super
1263 993 1297 1036 ae
1321 971 1417 1035 Clare
1441 970 1507 1033 filie
1531 990 1599 1048 sue,
1623 989 1723 1052 quan-

463 1085 537 1147 dam
563 1085 696 1146 domum
721 1103 810 1146 suam
835 1084 975 1164 ligneam
993 1081 1089 1144 simul
1113 1100 1186 1143 cum
1204 1079 1306 1142 fundo
1324 1093 1355 1140 et
1371 1079 1489 1141 celario
1513 1078 1722 1138 subterraneo

459 1194 491 1255 in
516 1192 600 1254 dicta
624 1191 752 1253 civitate
777 1191 858 1252 inter
883 1189 1017 1250 domum
1042 1203 1074 1249 et
1105 1185 1243 1248 fundum
1267 1186 1436 1268 prudentis
1458 1197 1489 1246 et
1512 1183 1638 1245 honesti
1663 1183 1721 1244 viri

459 1299 562 1377 Pauli,
586 1297 722 1359 senioris
746 1296 861 1378 judicia
892 1315 909 1357 a
940 1293 1196 1378 septemtrionali
1229 1305 1338 1376 parte,
1362 1312 1398 1354 ac
1430 1293 1513 1354 inter
1534 1291 1668 1352 domum
1694 1305 1725 1351 et

459 1404 595 1466 fundum
622 1402 772 1484 Gregorii
806 1400 953 1485 pellificis
985 1401 1132 1462 similiter
1163 1399 1305 1462 concivis
1337 1399 1453 1477 nostri,
1477 1418 1495 1459 a
1519 1397 1723 1458 meridionali

461 1524 552 1594 parte
576 1510 718 1572 habitam
744 1523 775 1572 et
799 1509 999 1588 existentem,
1031 1508 1128 1570 simul
1160 1526 1233 1568 cum
1265 1507 1418 1568 omnibus
1441 1505 1584 1566 eiusdem
1608 1505 1725 1565 domus

459 1617 653 1679 utilitatibus
677 1631 708 1677 et
732 1616 939 1698 pertinenciis
962 1615 1130 1694 universis,
1155 1613 1280 1696 prefato
1298 1613 1457 1694 Gregorio
1481 1612 1581 1673 sutori
1606 1631 1642 1673 ac
1667 1630 1723 1692 pet

459 1743 534 1785 eum
558 1723 624 1784 suis
647 1721 820 1784 heredibus
844 1742 902 1805 pro
924 1722 1036 1783 decem
1061 1736 1092 1784 at
1116 1735 1190 1783 octo
1207 1719 1277 1784 flor.
1294 1720 1374 1799 auri,
1397 1738 1454 1802 per
1478 1717 1617 1780 eundem
1642 1716 1721 1780 Gre-

458 1830 586 1911 gorium
612 1843 754 1891 sutorem
779 1829 874 1911 plene
895 1829 978 1890 datis
995 1841 1025 1890 et
1041 1827 1214 1910 persolutis
1230 1826 1428 1888 vendidisset
1452 1839 1608 1908 perpetuo
1625 1825 1725 1906 possi-

460 1935 612 2015 dendam,
637 1937 678 1998 ita
702 1948 823 2014 tamen,
847 1935 935 2017 quod
961 1933 1102 2017 prelatus
1128 1934 1303 2014 Gregorius
1332 1947 1420 1994 sutor
1445 1947 1476 1994 et
1499 1933 1567 1994 eius
1590 1931 1725 1993 heredes

458 2042 598 2105 universi
612 2042 734 2104 canalia
751 2055 902 2104 annotate
919 2040 1035 2104 domus
1052 2061 1070 2102 a
1088 2055 1175 2122 parte
1192 2039 1334 2123 predicte
1351 2040 1467 2100 domus
1484 2053 1514 2100 et
1530 2039 1603 2100 tecti
1622 2039 1722 2119 ipsius

462 2148 554 2210 Pauli
579 2149 675 2210 vicini
707 2149 882 2231 supradicti
914 2147 1035 2230 absque
1067 2147 1188 2208 damno
1220 2146 1347 2222 domus,
1379 2145 1451 2206 tecti
1477 2159 1508 2206 et
1531 2145 1640 2206 celarii
1666 2145 1722 2205 ali-

462 2255 550 2337 quali
574 2268 682 2318 tenere
708 2269 739 2317 et
761 2275 887 2316 servare
917 2255 1096 2330 tenebitur;
1128 2253 1201 2315 data
1233 2267 1280 2314 est
1303 2251 1364 2314 sibi
1398 2253 1489 2312 litera
1514 2251 1725 2338 privilegialis

463 2361 514 2422 die
540 2361 706 2423 dominico
731 2362 763 2423 in
788 2359 929 2442 profesto
955 2359 1195 2422 Purificacionis
1220 2361 1331 2421 Marie.

567 2467 666 2541 Quod
690 2469 767 2550 quia
792 2468 910 2529 nobilis
934 2469 981 2529 vir
1006 2468 1140 2552 Symon,
1157 2467 1299 2529 concivis
1323 2479 1440 2544 noster,
1465 2465 1620 2546 quasdam
1645 2463 1725 2525 duas

462 2587 569 2655 partes
591 2574 770 2654 vinearum,
800 2593 896 2635 unam
925 2574 1081 2636 maiorem
1106 2573 1202 2634 aliam
1227 2573 1397 2650 minorem,
1414 2573 1446 2632 in
1463 2570 1624 2632 territorio
1642 2569 1725 2631 dicte

462 2677 598 2741 civitatis
622 2680 704 2742 inter
727 2680 882 2760 (h)ortum
907 2694 937 2744 et
961 2681 1104 2742 vineasa
1127 2693 1215 2761 parte
1239 2677 1492 2761 septemtrionali
1510 2697 1607 2760 penes
1625 2675 1725 2759 (h)or-

462 2797 532 2848 tum
557 2799 588 2848 et
611 2785 777 2867 quoddam
802 2784 968 2865 fossatum,
1001 2786 1089 2868 quod
1123 2787 1261 2867 pertinet
1293 2784 1332 2846 ad
1366 2784 1543 2866 predictum
1569 2783 1723 2866 (h)ortum

462 2889 576 2973 prelati
602 2892 740 2954 Emerici
767 2893 914 2954 moderni
948 2892 1073 2972 judicis,
1106 2892 1222 2954 abhinc
1255 2891 1453 2954 descendens
1478 2911 1586 2952 versus
1602 2903 1723 2972 partem

462 2999 653 3060 orientalem
679 3019 735 3081 per
759 2997 912 3060 fossatum
938 2999 1117 3081 predictum
1142 3013 1174 3061 et
1189 3001 1336 3060 semitam
1360 2998 1539 3081 pedestrem
1565 3016 1663 3079 penes
1680 2997 1724 3057 vi·

462 3125 556 3167 neam
581 3105 736 3168 heredum
761 3107 898 3168 condam
919 3107 1025 3168 Benalr
1043 3106 1083 3168 de
1107 3107 1347 3185 vicosutorum,
1371 3127 1388 3167 a
1413 3105 1618 3166 meridionali
1635 3117 1724 3186 parte

463 3211 557 3273 vinea
582 3231 634 3274 are
666 3225 772 3274 sancte
798 3212 921 3292 Crucis,
953 3215 994 3274 ab
1025 3213 1216 3275 occidentali
1248 3214 1299 3274 via
1329 3213 1511 3274 communis
1534 3212 1725 3290 vicinantur,

463 3317 560 3378 simul
585 3337 657 3380 cum
690 3319 841 3380 omnibus
873 3321 1013 3400 ipsarum
1047 3319 1182 3380 duarum
1216 3319 1444 3400 particularum
1477 3338 1533 3380 seu
1558 3318 1722 3379 vinearum

463 3424 655 3487 utilitatibus
680 3437 711 3486 et
735 3426 940 3508 pertinenciis
965 3427 1132 3504 universis,
1158 3426 1259 3488 nobili
1277 3425 1415 3487 lohanni
1441 3423 1573 3506 Posegaj
1599 3425 1724 3485 concivi

465 3545 575 3593 nostro
600 3551 635 3592 ac
660 3550 716 3614 per
740 3551 813 3592 eum
839 3533 904 3593 suis
927 3532 1112 3611 heredibus,
1147 3551 1271 3594 necnon
1297 3533 1412 3594 Vrsule
1436 3532 1567 3592 domine
1590 3530 1724 3592 combo-

464 3637 522 3698 rali
547 3637 693 3700 eiusdem
717 3639 812 3700 titulo
837 3639 1027 3702 donacionis
1044 3653 1074 3700 et
1097 3641 1338 3722 propinacionis
1356 3640 1496 3701 dedisset
1520 3653 1551 3702 et
1575 3639 1725 3700 donasset

465 3756 622 3824 perpetuo
646 3743 873 3825 possidendas;
907 3746 957 3806 cui
991 3745 1063 3807 data
1086 3759 1133 3806 est
1156 3745 1247 3806 litera
1281 3745 1500 3828 privilegialis.
1527 3745 1646 3806 Datum
1671 3743 1722 3806 die

465 3847 630 3911 dominico
655 3849 686 3910 in
711 3849 854 3932 profesto
879 3849 1119 3914 Purificacionis
1148 3853 1258 3916 Marie.

570 3954 668 4028 Quod
693 3956 769 4037 quia
795 3956 978 4019 Demetrius
1001 3957 1162 4042 Rybarich
1187 3959 1300 4037 dictus,
1317 3958 1458 4020 concivis
1482 3971 1600 4036 noster,
1624 3977 1726 4040 quan·

463 4059 537 4122 dam
562 4059 697 4122 domum
722 4081 812 4124 suam
837 4077 902 4124 tam
931 4063 1030 4143 lignei
1064 4083 1163 4146 quam
1195 4065 1314 4147 lapidei
1347 4066 1453 4148 operis
1485 4065 1566 4127 inter
1591 4065 1724 4126 domum

463 4167 591 4249 providi
616 4167 675 4228 viri
701 4168 820 4230 Mathai
846 4169 939 4230 aliter
964 4169 1095 4231 Mathko
1113 4171 1189 4232 dicti
1210 4191 1266 4233 seu
1291 4171 1521 4255 Pungrachych
1546 4171 1633 4250 dicti,
1649 4190 1724 4233 con·

463 4273 542 4334 civis
566 4274 677 4352 nostri,
713 4274 753 4335 ab
778 4294 852 4353 una,
888 4274 1038 4338 videlicet
1069 4277 1237 4357 orientali,
1269 4280 1309 4339 ab
1344 4279 1443 4340 altera
1474 4297 1551 4339 vero
1582 4277 1726 4360 partibus

463 4379 717 4461 septemtrionali
743 4394 774 4442 et
792 4381 984 4442 occidentali
1003 4383 1146 4464 partibus
1162 4403 1273 4446 murus
1289 4397 1427 4466 pretacte
1445 4397 1553 4446 nostre
1576 4384 1724 4462 civitatis,

464 4505 481 4546 a
505 4485 709 4547 meridionali
734 4506 810 4548 vero
835 4487 928 4569 plaga
946 4489 1111 4569 quoddam
1137 4487 1273 4551 fundum
1291 4490 1464 4570 desertum,
1488 4491 1579 4553 sitam
1606 4503 1637 4552 et
1660 4491 1723 4552 exi·

376 4593 377 4596 ’
463 4605 610 4671 stentem,
635 4593 724 4674 quod
750 4592 887 4655 fundum
913 4595 1074 4657 desertum
1107 4597 1296 4658 universitas
1328 4597 1447 4659 civium
1472 4595 1596 4680 prelato
1621 4599 1723 4659 nobili

464 4697 602 4760 lohanni
618 4699 750 4781 Posegaj
767 4703 941 4783 nuncupati
955 4702 1050 4763 titulo
1069 4703 1310 4785 propinacionis
1327 4705 1469 4783 donavit,
1486 4724 1583 4766 unam
1603 4705 1722 4768 curiam

463 4824 535 4867 cum
562 4805 686 4887 prefato
718 4805 818 4868 fundo
850 4808 891 4870 ad
924 4828 1017 4870 usum
1051 4808 1170 4891 prefate
1203 4811 1339 4872 civitatis
1368 4813 1402 4872 'in
1436 4831 1470 4874 se
1494 4812 1724 4891 continentem,

463 4911 559 4972 simul
585 4931 656 4972 cum
681 4913 832 4975 omnibus
854 4914 998 4976 eiusdem
1023 4916 1150 4995 domus,
1174 4915 1331 4999 fundique
1357 4932 1387 4979 et
1411 4900 1611 4980 edificiorum
1637 4919 1723 4980 utili·

465 5017 586 5078 tatibus
612 5033 642 5079 et
674 5020 881 5101 pertinenciis
911 5021 1067 5082 universis
1098 5020 1222 5104 prefato
1251 5024 1389 5087 lohanni
1422 5039 1453 5086 et
1484 5025 1585 5086 nobili
1610 5026 1724 5087 Vrsule
