3810 5806
387 571 426 630 52
888 499 889 502 Ἴ
923 553 1011 612 Anno
1033 548 1128 630 1484.

385 763 576 827 destituatur
600 784 639 827 eo
664 762 768 842 lacto;
793 764 870 826 item
888 765 912 826 si
930 765 1021 826 elteri
1046 765 1185 827 voluerit
1201 764 1288 843 dare,
1313 778 1428 826 extunc
1453 764 1561 826 solum
1579 783 1652 826 cum

385 871 551 932 solucione
575 871 728 954 premisse
762 891 832 934 cere
865 886 896 933 et
927 891 992 934 nou
1025 891 1083 954 pro
1115 871 1229 934 maiori
1262 871 1370 954 precio
1395 871 1500 933 valeat
1524 871 1599 932 dare
1623 885 1655 934 et

385 991 587 1061 perpetuare,
611 991 642 1040 et
667 997 731 1039 non
757 978 860 1057 alteri,
886 979 945 1039 nisi
971 979 1097 1040 concivi
1122 992 1254 1055 nostro;
1277 978 1302 1039 si
1327 990 1434 1040 autem
1460 978 1552 1041 alteri
1577 978 1653 1041 dare

385 1085 534 1160 voluerit,
559 1085 744 1146 nullatenus
768 1084 885 1147 habeat
904 1083 1101 1163 facultatem,
1125 1083 1181 1147 sed
1206 1086 1421 1148 communitas
1445 1099 1553 1148 nostra
1578 1105 1652 1148 cum

385 1192 465 1253 scitu
491 1189 623 1252 fratrum
648 1191 879 1272 premissorum
904 1191 1099 1274 cuicumque
1118 1191 1244 1254 concivi
1269 1204 1380 1254 nostro
1404 1191 1503 1254 dandi
1528 1205 1560 1254 et
1583 1211 1654 1275 per-

384 1297 539 1380 petuandi
562 1297 702 1359 habeant
718 1297 913 1360 facultatem.

491 1409 588 1466 Anno
606 1404 738 1466 Domini
756 1405 932 1466 millesimo
950 1405 1270 1486 quadringentesimo
1288 1405 1508 1487 octuagesimo
1526 1419 1654 1492 quarto,

383 1523 528 1592 tempore
552 1509 711 1590 judicatus
734 1509 849 1592 prefati
874 1510 1029 1573 Johannis
1054 1510 1270 1591 Soldinarich‚
1299 1510 1461 1593 Georgius
1485 1509 1570 1572 filius
1595 1511 1651 1571 Ni·

385 1615 469 1677 colai
494 1615 552 1677 filii
577 1615 733 1678 lobannis
757 1617 898 1698 agricole
923 1617 1068 1678 vendidit
1099 1617 1193 1678 civile
1217 1638 1274 1680 seu
1299 1616 1437 1679 fundum
1461 1636 1554 1678 suum
1580 1636 1653 1678 cum

387 1721 521 1784 edificiis
545 1737 576 1785 et
607 1724 692 1786 curia
724 1723 756 1785 in
782 1725 937 1787 suburbio
962 1725 1098 1787 civitatis
1122 1739 1229 1787 nostre
1264 1745 1303 1786 ex
1343 1725 1494 1808 opposito
1519 1723 1652 1787 ecclesie

383 1830 483 1892 sancti
517 1830 645 1892 Martini
678 1831 728 1891 via
761 1831 926 1892 communi
960 1831 1160 1911 intermedia,
1193 1852 1211 1895 a
1239 1846 1328 1914 parte
1361 1845 1468 1893 autem
1503 1830 1652 1892 orientali

384 1955 482 2018 penes
506 1934 642 1998 fundum
668 1937 802 2000 ecclesie
834 1938 933 2000 sancti
960 1938 1058 2000 Marci
1090 1958 1126 2000 ac
1159 1938 1292 2000 ecclesie
1325 1953 1433 2000 nostre
1458 1936 1654 2020 parochialis

385 2057 415 2103 et
439 2063 494 2124 per
518 2063 721 2125 consequens
745 2044 875 2126 plebani
901 2045 1011 2123 nostri,
1036 2065 1052 2106 a
1078 2059 1167 2127 parte
1187 2058 1295 2106 autem
1321 2044 1525 2106 meridionali
1552 2063 1651 2125 penes

385 2147 539 2231 (h)ortum
564 2149 684 2211 nobilia
709 2149 800 2211 Pauli
826 2151 952 2228 Barim,
978 2171 994 2212 a
1018 2165 1108 2233 parte
1132 2165 1238 2213 autem
1269 2151 1460 2213 occidentali
1487 2169 1586 2232 penes
1610 2151 1651 2211 ci-

385 2253 449 2316 vile
473 2273 529 2314 seu
554 2252 690 2317 fundum
726 2256 825 2318 Elene
859 2257 1015 2319 Marehna
1047 2258 1134 2320 dicte
1162 2258 1308 2320 habitum
1341 2257 1479 2340 provido
1504 2257 1654 2318 Emerico

385 2357 476 2421 labro
500 2359 567 2421 filio
593 2360 726 2443 Georgii
759 2363 799 2423 de
831 2363 978 2444 Zagoria‚
1013 2383 1099 2425 novo
1132 2377 1241 2427 nostro
1273 2365 1399 2426 concivi
1425 2384 1460 2425 ac
1486 2363 1653 2425 Dorothee

385 2463 450 2527 filie
475 2467 614 2529 condam
639 2469 739 2530 Marci
765 2469 864 2532 Pazar
891 2472 983 2532 uxori
1015 2491 1071 2532 sue
1095 2490 1154 2554 pro
1187 2471 1360 2533 duodecim
1393 2471 1463 2535 flor.
1488 2472 1556 2532 auri
1584 2471 1653 2553 jure

385 2587 553 2656 perpetuo
