3810 5806
569 1666 697 1763 (Anno
726 1664 883 1753 Domini
910 1662 1062 1766 uolt.)

173 2080 263 2156 ltem
292 2080 326 2154 in
356 2101 449 2154 anno
480 2077 624 2153 Domini
653 2077 841 2152 millesimo
861 2075 1152 2176 quingentesimo
1182 2081 1323 2173 quarto,
1342 2081 1433 2148 tem·

171 2227 263 2303 pore
290 2203 461 2278 uidelicet
490 2201 636 2278 secundi
657 2200 837 2298 judicatus
858 2199 1110 2298 circumspecti
1140 2206 1177 2274 et
1204 2197 1348 2274 honesti
1368 2197 1433 2272 uiri

173 2328 327 2403 Emerici
358 2326 535 2403 Mikwlich
560 2325 620 2400 filii
649 2324 837 2416 Demetrii,
866 2323 1026 2400 moderni
1056 2322 1181 2410 iudicis
1211 2324 1336 2413 nostri,
1357 2346 1436 2422 pre-

174 2475 261 2526 sens
291 2459 503 2550 quaternum
532 2459 591 2526 est
619 2451 861 2549 conscriptum
883 2447 975 2524 feria
1003 2456 1133 2548 quarto
1160 2449 1324 2548 proxima
1353 2454 1438 2522 unte

485 2573 715 2650 dominicam:
745 2572 899 2648 Domine
927 2595 972 2648 ne
999 2573 1122 2671 longe.

282 2821 381 2894 Quod
406 2821 483 2902 quia
507 2841 567 2882 nos
590 2821 806 2882 communitas
838 2820 1120 2901 Montisgrecensis
1152 2819 1315 2902 quoddam
1341 2818 1439 2881 fenile

178 2941 337 3004 nostrum,
362 2947 508 3009 parvum,
532 2925 768 3003 condicionale,
794 2925 856 3008 jam
885 2927 1020 2987 liberum
1055 2927 1086 2986 in
1111 2945 1225 3006 campo
1250 2938 1359 2986 nostro
1384 2944 1440 2986 seu

174 3034 313 3095 civitatis
338 3032 458 3114 prefate
484 3033 566 3095 inter
597 3047 713 3094 terram
745 3033 913 3094 amabilem
948 3031 1066 3113 egregii
1100 3032 1224 3093 domini
1250 3030 1441 3094 Balthasaris

176 3140 271 3220 Alapi
307 3153 337 3200 et
368 3139 499 3200 domine
534 3138 720 3215 Karberine,
751 3140 791 3200 ab
824 3138 1014 3200 occidentali
1049 3153 1149 3220 parte,
1182 3153 1212 3199 et
1237 3138 1318 3198 inter
1343 3135 1439 3198 fenile

175 3246 344 3327 prudentis
377 3260 407 3306 et
439 3246 659 3328 circumspecti
692 3245 751 3305 viri
784 3245 913 3323 literati,
938 3245 1037 3306 nostri
1072 3243 1218 3306 moderni
1251 3242 1376 3325 judicis,
1400 3244 1440 3303 ab

174 3351 286 3428 altera,
304 3350 455 3412 videlicet
473 3351 677 3412 meridionali
702 3365 802 3433 parte,
825 3365 856 3412 et
881 3352 962 3412 inter
983 3366 1097 3412 terram
1123 3349 1292 3411 arrabilem
1317 3369 1440 3410 succes·

174 3475 285 3518 sorum
310 3457 446 3517 condam
473 3457 604 3518 domine
630 3457 711 3517 Nesa
736 3469 861 3536 vocate,
894 3457 1003 3518 relicte
1036 3455 1172 3517 condam
1200 3455 1325 3516 Nicolai
1350 3455 1440 3517 insti·

175 3563 265 3640 toris,
290 3582 307 3623 a
332 3576 420 3644 parte
444 3561 710 3644 septemtrionali,
735 3581 752 3622 a
777 3578 865 3643 parte
891 3582 966 3624 vero
999 3561 1147 3622 orientali
1172 3561 1222 3621 via
1248 3559 1440 3638 communis,

177 3669 324 3730 habitum
350 3683 380 3730 et
404 3670 551 3746 existens,
575 3668 671 3729 simul
696 3687 768 3729 curn
790 3669 942 3729 omnibus
958 3667 1101 3729 eiusdem
1120 3665 1226 3727 fenilis
1251 3666 1442 3728 utilitatibus

177 3773 304 3857 prelato
330 3775 477 3836 Emerico
502 3774 660 3836 moderno
684 3773 783 3855 judici
808 3787 917 3835 nostro
942 3793 977 3834 ac
1001 3793 1057 3855 per
1081 3792 1155 3834 eum
1179 3773 1244 3833 suis
1268 3771 1442 3834 heredibus

177 3881 291 3942 omnio
323 3881 555 3958 libertavimus,
588 3881 754 3958 dedimus,
787 3881 979 3942 donavimus
1011 3893 1040 3940 et
1072 3879 1315 3962 propinavimus
1343 3878 1441 3960 possi·

179 3985 337 4065 den'dum,
361 3987 537 4048 tenendum
563 3987 680 4068 pariter
705 3999 736 4048 et
764 3986 947 4047 habendum
973 3985 1040 4066 jure
1066 3985 1286 4062 irrevocabili;
1312 3985 1442 4046 demum

179 4093 239 4152 hiis
264 4091 382 4154 habitis
405 4093 525 4153 ibidem
551 4113 658 4154 coram
684 4093 778 4153 nobis
802 4093 1013 4174 personaliter
1045 4091 1208 4153 constituti
1234 4091 1359 4152 honesti
1384 4091 1443 4152 viri

178 4199 380 4278 Augustinus
404 4213 505 4260 sartor
529 4213 559 4260 et
585 4198 721 4260 Michael
747 4199 953 4261 Bednuchicb
982 4213 1167 4260 executores
1190 4199 1372 4260 testamenti
1396 4219 1444 4260 re·

178 4304 253 4366 licte
278 4304 416 4366 condam
436 4305 567 4367 domine
586 4306 680 4383 Nesa,
705 4306 831 4368 Nicolai
849 4305 1013 4384 institoris,
1038 4304 1200 4386 quandam
1225 4319 1341 4366 terram
1360 4325 1443 4372 arra:

179 4411 278 4472 bilem
303 4410 424 4493 prefate
449 4412 581 4474 domine
609 4413 693 4474 Nesa
726 4427 838 4475 vocate
873 4413 1058 4494 contiguam
1093 4426 1124 4473 et
1148 4413 1349 4473 convicinum
1376 4431 1445 4492 pre-

179 4517 265 4579 dicto
290 4516 381 4580 senili
406 4539 422 4580 a
448 4519 653 4580 meridionali
678 4533 709 4581 et
733 4521 772 4581 ab
797 4519 988 4581 occidentali
1017 4519 1170 4600 partibus,
1195 4539 1230 4580 ac
1257 4520 1339 4580 inter
1365 4519 1444 4580 duas

183 4624 251 4684 vias
275 4643 475 4704 communes,
499 4645 597 4687 unam
623 4646 640 4686 a
664 4625 919 4708 septemtrionali
949 4641 979 4686 et
1010 4625 1106 4686 aliam
1140 4627 1180 4686 ab
1204 4625 1351 4686 orientali
1377 4645 1446 4707 par·

182 4731 268 4792 tibus
292 4731 433 4793 habitam
467 4745 498 4793 et
529 4733 728 4811 existentem,
759 4747 821 4795 tres
853 4733 954 4794 dietas
987 4747 1067 4793 terre
1102 4731 1133 4792 in
1158 4752 1190 4794 se
1215 4733 1447 4795 continentemi

182 4837 305 4918 prelato
333 4838 481 4900 Emerico
507 4839 645 4918 literato,
676 4838 774 4920 judici
800 4839 969 4919 moderno,
993 4858 1052 4921 pro
1087 4839 1214 4900 duobus
1238 4837 1307 4901 flor.
1333 4837 1446 4921 prefat,

183 4959 369 5005 executores
393 4943 557 5006 dedissent
581 4959 612 5006 et
634 4945 853 5024 contulissent,
879 4946 978 5006 immo
997 4944 1154 5006 dederunt
1179 4960 1208 5005 et
1232 4945 1450 5007 vendiderunt

184 5050 248 5130 jure
273 5065 431 5133 perpetuo
456 5051 703 5133 possidendam;
729 5053 779 5112 cui
805 5052 877 5113 data
903 5067 948 5114 est
973 5052 1064 5113 litera
1090 5052 1309 5133 privilegialis.
1342 5143 1360 5204 6
