3840 5800
395 579 458 643 294
957 557 1105 620 Rationes.

498 772 575 836 ltem
601 773 632 832 in
657 771 743 832 curia
768 769 892 832 domini
919 770 1047 831 lectoris
1070 770 1199 849 domus,
1222 771 1405 850 cellarium,
1429 772 1579 852 coquina,
1596 787 1657 832 sta-

395 880 507 940 bulum
536 897 608 938 cum
644 878 756 938 ceteris
789 897 844 956 per
877 877 1041 958 quondam
1077 877 1246 938 dominum
1280 876 1410 938 Petrum
1441 876 1592 938 lectorem
1618 877 1658 938 de

395 1007 481 1048 novo
507 983 665 1062 edificata,
690 984 820 1066 quando
853 984 1019 1065 quondam
1053 984 1246 1045 venerabilis
1278 982 1430 1044 dominus
1455 982 1591 1045 Michael
1617 983 1657 1044 de

393 1107 503 1153 sancto
528 1091 673 1172 Georgio
699 1090 816 1151 fecerat
839 1109 872 1150 se
898 1089 1058 1151 installare
1077 1089 1108 1150 in
1140 1090 1291 1152 lectorem
1322 1085 1381 1149 luit
1405 1089 1551 1151 estimata
1568 1089 1659 1154 ad...

395 1199 462 1261 flor.
487 1198 614 1260 LXXX.

765 1321 911 1381 Exitus
942 1319 1269 1383 MCCCCLXXXXL

499 1483 574 1546 ltem
611 1483 663 1544 die
695 1481 858 1542 dominica
892 1478 973 1541 infra
1006 1495 1134 1542 octavas
1167 1479 1236 1541 lesti
1267 1483 1357 1542 beate
1390 1482 1522 1562 virginis
1547 1483 1659 1560 Maria,

396 1591 519 1652 domini
545 1588 762 1670 capitulariter
786 1587 971 1666 congregati
989 1602 1210 1648 convenerunt
1227 1607 1300 1648 cum
1326 1587 1434 1648 Blasio
1458 1589 1658 1670 carpentario

395 1697 434 1758 de
459 1697 584 1758 Vrbocz
609 1695 648 1757 ad
673 1695 847 1775 tegendum
873 1709 902 1754 et
922 1693 1161 1755 reformandum
1180 1695 1396 1756 sanctuarium
1414 1697 1546 1758 ecclesie
1571 1698 1656 1758 beati

396 1801 481 1882 regis
503 1799 657 1882 Stephani
682 1799 898 1880 zagrabieusis
922 1800 1018 1860 simul
1050 1819 1121 1860 cum
1157 1799 1261 1862 choris
1284 1821 1320 1861 ex
1352 1814 1487 1881 utraque
1514 1817 1602 1882 parte
1627 1816 1658 1863 et

394 1908 533 1968 sacristia
559 1907 703 1968 eiusdem
733 1906 866 1967 ecclesie
892 1905 961 1969 flor.
977 1906 1064 1967 XLV
1081 1921 1112 1968 et
1134 1907 1262 1966 duobus
1279 1906 1376 1968 lardis
1393 1907 1443 1968 vel
1462 1925 1519 1988 pro
1537 1907 1657 1969 eisdem

397 2013 464 2076 llor.
488 2013 579 2091 duos,
605 2013 691 2074 iuxta
716 2027 892 2093 segestrum
917 2026 948 2074 et
979 2012 1175 2092 signaturam
1209 2013 1382 2094 superinde
1406 2013 1506 2074 lacius
1531 2011 1658 2078 factam.

396 2155 435 2164 -
461 2118 536 2180 lrem
564 2133 594 2180 et
619 2120 714 2180 musti
739 2119 874 2180 cubulos
897 2139 951 2198 40.

504 2243 578 2306 ltem
591 2263 651 2324 ego
664 2245 764 2304 Lucas
781 2245 820 2305 de
840 2244 983 2305 Dombro
1001 2243 1174 2305 canonicus
1192 2244 1323 2306 ecclesie
1340 2245 1556 2326 zagrabiensis
1570 2246 1657 2307 iuxta

396 2351 656 2412 commissionem
683 2350 890 2411 dominorum
908 2349 1050 2431 Capituli
1069 2349 1202 2431 predicti
1223 2349 1261 2410 de
1287 2351 1423 2432 pecunia
1441 2351 1660 2412 estimaciouis

396 2456 567 2518 domorum
608 2455 843 2517 canonicalium
883 2455 965 2517 solvi
1005 2456 1111 2518 eidem
1146 2457 1259 2517 BIasek
1299 2457 1498 2539 carpentario
1530 2458 1659 2520 racione

397 2563 505 2645 previa
531 2563 562 2623 in
587 2561 720 2622 diversis
744 2561 963 2626 terminis...
989 2561 1057 2626 flor.
1081 2562 1178 2625 XLV.

501 2683 578 2747 ltem
604 2684 708 2746 eidem
733 2705 791 2766 pro
816 2685 944 2746 duobus
964 2685 1062 2746 lerdis
1085 2686 1219 2748 solvi..
1239 2733 1246 2747 .
1280 2685 1347 2750 flor.
1371 2684 1404 2750 ll.

502 2808 579 2873 ltem
604 2808 706 2869 eidem
733 2810 796 2871 emi
822 2807 1029 2871 claviculosa
1056 2809 1219 2892 Stephano
1233 2809 1370 2874 Kellcedi
1387 2860 1394 2874 .
1411 2859 1440 2874 ..
1469 2810 1537 2875 flor.
1561 2810 1660 2894 lX¹l,.

863 3001 1205 3068 MCCCCLXXXXll.

504 3162 579 3226 ltem
605 3165 637 3224 in
663 3163 744 3225 festo
769 3163 852 3224 beati
880 3162 1098 3224 bartholomei
1131 3162 1267 3245 apostoli
1294 3163 1417 3226 domini
1442 3165 1660 3247 capitulariter

400 3272 583 3351 congregari
608 3289 666 3353 pro
691 3269 781 3332 totali
799 3283 921 3332 tectura
938 3269 1069 3330 maioris
1094 3270 1236 3352 corporis
1253 3271 1386 3333 ecclesie
1403 3285 1433 3332 et
1456 3272 1525 3332 eius
1549 3272 1661 3335 labore

398 3391 619 3439 convenerunt
631 3397 704 3439 eum
720 3377 827 3438 Blasio
841 3376 880 3437 de
893 3376 1041 3438 Vrbovcz
1054 3377 1255 3458 carpentario
1273 3397 1331 3460 pro
1349 3427 1355 3440 .
1374 3425 1381 3440 .
1400 3427 1406 3440 .
1421 3379 1480 3440 lior
1500 3378 1660 3444 LXXXX.

506 3501 582 3563 ltcm
609 3502 639 3562 in
666 3501 836 3562 novalibus
860 3500 995 3562 cubulos
1018 3501 1083 3561 vini
1102 3549 1109 3564 .
1128 3550 1161 3566 ..
1186 3501 1221 3564 1⁰.

503 3606 580 3670 Item
603 3627 675 3669 cum
700 3608 845 3670 laborare
870 3607 989 3689 incepit
1009 3606 1140 3670 habebit
1163 3608 1251 3669 larda
1276 3607 1350 3671 duo.

507 3715 545 3776 Et
580 3735 653 3776 cum
688 3714 777 3796 porci
822 3713 1029 3775 dominorum
1074 3713 1246 3776 decimales
1281 3714 1492 3794 inducentur,
1528 3715 1660 3778 habebit

402 3841 516 3902 porcos
539 3835 621 3883 octo.

505 3925 582 3989 ltem
607 3927 825 4009 carpentarius
849 3946 907 4009 pro
941 3926 1126 3988 huiusmodi
1155 3927 1394 3990 laboratoribus
1418 3927 1549 3990 minutis
1572 3931 1661 3991 solli·

400 4034 483 4093 cubit
507 4053 632 4115 semper
657 4034 845 4114 magistrum
871 4033 1050 4094 Fabianum
1076 4032 1252 4097 librarium.

506 4157 582 4218 Item
610 4177 668 4240 pro
692 4159 827 4239 pecunia
852 4157 999 4219 habenda
1019 4157 1205 4220 sollicitabit
1228 4159 1416 4239 magistrum
1441 4160 1571 4223 Lucam.

507 4264 582 4326 ltem
609 4285 667 4347 pro
691 4265 849 4326 asseribus
872 4284 928 4325 seu
961 4263 1130 4325 lemeschis
1161 4264 1281 4327 Mathia
1305 4265 1462 4349 Zelrirych
1487 4266 1526 4327 ad
1552 4267 1660 4349 dispo·

401 4373 542 4434 nendum
568 4372 844 4450 convenientibus,
869 4371 1027 4436 solvi...
1054 4369 1122 4433 flor.
1147 4371 1239 4434 Vllll.

505 4478 582 4541 ltem
609 4479 728 4541 Mathia
753 4478 905 4562 Chernyg
929 4478 969 4540 de
989 4475 1116 4558 lwagna
1142 4477 1250 4538 Recha
1274 4497 1333 4560 pro
1357 4478 1527 4542 lemeschis
1551 4479 1661 4561 dispo-

401 4587 523 4664 nendis,
548 4587 705 4651 solvi...
731 4586 799 4648 flor.
824 4585 862 4648 V,

506 4709 581 4773 ltem
607 4711 645 4772 ad
671 4713 766 4772 verba
792 4711 915 4772 domini
940 4711 1049 4772 vicarii
1071 4711 1264 4792 quibusdam
1289 4711 1448 4776 solvi...
1476 4712 1543 4776 llor.
1566 4709 1617 4776 lll.

506 4816 580 4878 lrem
607 4819 638 4878 in
665 4817 745 4878 lesto
769 4838 793 4879 s.
819 4817 1019 4898 Margarethe
1044 4818 1108 4879 erni
1132 4817 1384 4880 claviculos...
1411 4818 1480 4882 flor.
1505 4819 1556 4882 Vl.

506 4921 581 4985 ltem
608 4925 639 4984 in
665 4923 792 4986 festos.
818 4923 971 5005 Stephani
1001 4923 1085 5005 regis
1118 4924 1180 4986 emi
1213 4924 1463 4989 claviculos...
1486 4923 1554 4988 flor.
1577 4925 1663 4990 XVl.

507 5029 581 5092 ltem
608 5032 638 5091 in
665 5029 744 5092 festo
769 5033 798 5094 b.
824 5031 960 5093 Barbare
985 5030 1048 5091 cmi
1074 5031 1297 5096 claviculos..
1347 5030 1416 5095 flor.
1440 5032 1478 5094 V.
