3810 5806
790 511 877 568 Anno
900 522 988 586 1522.
1462 533 1520 594 1¹9

258 723 410 785 omnibus
434 719 579 784 eiusdem
604 721 721 784 domus
744 721 843 804 lignei
868 721 974 804 operis
999 735 1029 784 et
1053 722 1141 784 curia
1164 743 1200 783 ac
1224 721 1358 785 edificiis
1383 738 1413 785 et
1437 725 1521 786 dicta

258 830 364 891 media
387 830 476 892 curia
501 829 704 909 utilitatibus,
721 828 854 910 juribus,
873 829 992 908 usibus,
1011 830 1246 911 integritatibus
1265 844 1296 893 et
1318 833 1522 912 pertinenciis

258 937 413 998 universis
437 933 562 1018 prelato
596 937 665 996 viro
699 936 875 998 Benedicto
907 935 998 998 fabro
1031 935 1197 998 Benchecz
1222 935 1308 998 dicto
1333 951 1363 998 et
1388 937 1519 999 domine

256 1042 371 1104 Vrsule
396 1042 536 1104 consorti
561 1041 705 1103 eiusdem
729 1061 788 1124 pro
813 1042 883 1104 flor.
908 1042 1092 1121 duodecim,
1117 1057 1148 1104 et
1171 1063 1228 1126 per
1252 1043 1391 1104 eundem
1418 1045 1519 1106 Bene·

256 1149 378 1210 dictum
403 1149 497 1211 nobis
521 1168 578 1210 seu
602 1149 828 1210 communitati
857 1161 963 1210 nostre
995 1149 1091 1231 plene
1124 1150 1205 1210 datis
1230 1162 1261 1212 et
1284 1150 1465 1232 persolutis,
1491 1165 1521 1212 et

256 1275 313 1339 per
337 1274 395 1316 nos
420 1275 458 1317 ex
489 1254 582 1316 dictis
614 1254 787 1317 duodecim
820 1253 888 1318 flor.
921 1274 1035 1316 census
1067 1255 1266 1317 ordinandus
1294 1271 1324 1317 et
1349 1256 1520 1338 deputatus

256 1361 423 1423 annuatim
447 1361 607 1424 moderno
639 1360 854 1444 prebendario
886 1359 1009 1443 prefate
1042 1381 1094 1423 are
1120 1375 1150 1423 et
1179 1363 1335 1423 universis
1359 1382 1518 1424 successo·

257 1471 345 1532 ribus
370 1470 527 1550 eiusdem,
551 1469 603 1530 cui
629 1483 660 1531 et
684 1470 802 1550 quibus
826 1489 885 1552 pro
902 1469 1102 1551 aquisicione
1125 1483 1156 1532 et
1173 1471 1309 1532 utilitate
1332 1473 1446 1533 talium
1464 1493 1520 1554 per

256 1596 315 1638 nos
339 1575 379 1638 ad
404 1595 519 1637 manus
541 1576 800 1657 assignabuntur,
822 1575 902 1637 tales
926 1596 1003 1639 vero
1036 1591 1090 1637 aut
1114 1577 1185 1638 talis
1209 1576 1334 1658 prelato
1360 1579 1517 1640 moderno

255 1681 468 1765 prebendario
493 1695 524 1744 et
548 1682 706 1743 universis
728 1683 964 1744 successoribus
983 1684 1048 1744 suis
1066 1685 1228 1765 perpetuis
1252 1699 1283 1745 et
1307 1682 1420 1746 luturis
1436 1697 1518 1746 tem-

255 1789 388 1872 poribus
412 1788 553 1851 florenos
578 1806 661 1849 unus
686 1787 883 1869 integraliter
912 1788 952 1850 de
984 1789 1136 1870 predictis
1159 1789 1331 1850 duodecim
1358 1788 1427 1850 flor.
1452 1790 1516 1850 sin·

254 1893 339 1974 gulis
362 1893 455 1955 annis
486 1913 553 1954 scae
585 1894 796 1976 sequentibus
828 1894 902 1956 dare
935 1908 966 1957 et
1002 1894 1224 1956 administrare
1255 1896 1451 1958 tenebuntur
1487 1910 1526 1958 et·

256 2013 350 2062 erunt
373 1999 519 2081 obligati,
543 1999 750 2061 vendidimus
774 2014 804 2061 et
829 2001 1049 2080 contullimus,
1066 2001 1167 2063 immo
1192 2001 1361 2063 vendimus
1385 2017 1416 2062 et
1441 2022 1517 2064 con-

256 2105 389 2168 ferimus
404 2106 540 2168 liberam
565 2120 597 2168 et
621 2119 801 2188 exemptam
826 2109 865 2168 ab
890 2107 979 2168 omni
1003 2127 1100 2169 censu
1125 2108 1269 2170 eiusdem
1294 2127 1347 2169 are
1371 2121 1402 2170 et
1426 2108 1516 2170 adin·

256 2226 318 2274 star
354 2213 492 2274 aliorum
535 2212 655 2274 civium
690 2229 873 2275 nostrorum
905 2213 973 2295 jure
1009 2229 1165 2298 perpetuo
1201 2228 1231 2276 et
1266 2215 1517 2277 irrevocabiliter

224 2386 227 2393 ,
255 2317 425 2380 vendimus
455 2318 640 2398 tenendam,
670 2319 899 2401 possidendam
932 2321 1049 2404 pariter
1088 2335 1118 2382 et
1150 2319 1329 2382 habendam
1362 2341 1399 2382 ac
1430 2321 1515 2384 iuxta

255 2425 479 2488 condicionem
497 2425 634 2488 civitatis
657 2440 822 2508 prenotate
840 2429 879 2488 ab
897 2429 1031 2509 antiquo
1047 2427 1289 2510 privilegialiter
1305 2429 1516 2510 approbatam

255 2530 565 2614 quomodocumque
589 2532 729 2594 voluerit
746 2532 993 2615 disponendam.
1011 2533 1128 2594 Datum
1146 2531 1225 2595 feria
1242 2534 1354 2614 quinta
1370 2535 1515 2616 proxima

252 2653 325 2721 post
348 2637 464 2700 festum
490 2639 573 2701 beati
599 2638 719 2702 Mathei
752 2640 900 2722 apostoli.
935 2645 1032 2702 Anno
1064 2640 1196 2702 Domini
1221 2640 1396 2702 millesimo
1421 2641 1515 2722 quin·

251 2746 432 2826 gentesimo
455 2745 612 2827 vigesimo
640 2745 793 2809 secundo.
