3842 5802
388 518 424 577 16
914 517 1000 575 Anno
1023 527 1113 593 1473.

1227 625 1241 629 ..
1252 625 1365 630 -.-—-.—
1372 625 1590 632 m
1597 626 1641 632 .--.

383 745 413 792 et
437 731 747 812 quomodocumque
764 729 903 792 voluerit
920 729 1006 791 iuxta
1024 728 1250 790 condicionem
1267 729 1351 790 dicte
1376 730 1513 792 civitatis
1538 731 1646 815 dispo·

383 837 541 912 nendam;
566 837 617 898 cui
643 837 715 898 data
740 851 786 898 est
812 836 902 898 litera
927 849 1034 898 nostra
1052 834 1262 917 privilegialis
1278 855 1373 919 super
1398 835 1510 897 eadem
1536 836 1647 916 domo,

384 943 552 1025 fundoque
576 957 607 1005 et
631 942 796 1004 hedificiis.

488 1051 585 1124 Quod
619 1052 693 1132 quia
726 1051 772 1111 vir
805 1049 959 1133 providus
991 1063 1023 1111 et
1054 1050 1302 1132 circumspectus
1334 1049 1498 1112 lohannes
1530 1049 1648 1112 Bolsak

382 1157 495 1236 dictus,
519 1157 626 1218 senior
651 1157 747 1239 judex
771 1171 802 1219 et
826 1156 968 1218 concivis
996 1170 1115 1234 noster,
1147 1154 1232 1217 lilius
1265 1155 1391 1216 Nicolai
1416 1156 1456 1218 de
1481 1157 1647 1218 Newrem·

382 1264 506 1344 bergar,
531 1263 697 1345 quoddam
722 1263 875 1326 balneum
900 1281 995 1324 suum
1013 1281 1086 1324 cum
1108 1263 1177 1323 eius
1199 1261 1272 1324 loco
1296 1281 1354 1324 seu
1377 1276 1461 1325 terre
1486 1263 1595 1344 spacio
1613 1263 1645 1324 in

382 1383 491 1430 nostro
515 1391 570 1431 seu
596 1371 731 1432 civitatis
755 1369 899 1451 predicte
933 1369 1096 1431 territorio
1120 1369 1179 1430 sub
1204 1382 1314 1431 monte
1339 1369 1483 1431 eiusdem
1508 1367 1648 1432 civitatis

383 1496 479 1558 penes
503 1491 534 1538 et
558 1477 644 1538 iuxta
669 1475 803 1537 fluvium
829 1475 982 1537 metalem
1000 1475 1082 1536 inter
1099 1495 1157 1537 nos
1179 1489 1210 1537 et
1227 1474 1415 1559 Capitulum
1441 1476 1647 1558 zagrabiense

382 1582 616 1661 decurrentem,
639 1595 670 1644 et
694 1582 776 1644 inter
802 1596 934 1664 pontem
959 1596 989 1642 et
1009 1581 1118 1643 locum
1136 1582 1243 1664 pontis
1267 1581 1366 1662 vulgo
1391 1581 1511 1664 Pyzani
1536 1582 1646 1644 mozth

382 1689 503 1750 dictum
528 1703 558 1750 et
581 1690 663 1751 inter
688 1688 852 1770 quoddam
879 1688 1104 1750 molendinum
1139 1688 1170 1748 in
1195 1688 1358 1749 territorio
1383 1701 1494 1750 nostro
1518 1709 1535 1750 a
1560 1701 1649 1771 parte

381 1796 634 1878 septemtrionali
659 1796 755 1858 situm
779 1795 886 1857 abbati
912 1795 1097 1858 monasterii
1116 1795 1247 1857 ecclesie
1266 1797 1357 1856 beate
1387 1796 1488 1858 Maris
1512 1796 1647 1878 virginis

382 1902 576 1981 deserviens,
608 1901 752 1963 habitum
787 1915 817 1962 et
849 1901 998 1978 existens,
1029 1921 1102 1963 cum
1134 1903 1200 1962 suis
1234 1901 1425 1964 utilitatibus
1459 1901 1593 1983 provide
1618 1915 1648 1963 et

382 2007 514 2070 honeste
540 2008 672 2070 domine
698 2008 794 2070 Clara
819 2021 942 2085 vocate,
967 2006 1030 2068 filie
1064 2008 1200 2069 condam
1236 2009 1321 2069 Luce
1346 2008 1385 2068 de
1410 2007 1648 2092 Stenychayalr,

382 2115 490 2176 relicte
516 2114 653 2175 condam
680 2114 836 2176 Iohannis
853 2113 909 2174 lilii
929 2114 1028 2196 ipsius
1045 2113 1202 2175 lohannis
1221 2114 1349 2193 Bolsalr,
1375 2134 1460 2175 nunc
1477 2134 1554 2176 vero
1571 2134 1646 2176 con-

381 2220 459 2280 sorti
495 2220 656 2282 Dorninici
689 2219 746 2282 filii
780 2221 935 2282 lohannis
968 2219 1153 2304 Perowych,
1186 2221 1321 2282 senioris
1353 2219 1469 2302 judicis
1501 2235 1531 2282 et
1556 2221 1647 2302 jurati

382 2326 492 2404 nostri,
517 2326 548 2388 in
574 2346 818 2408 recompensam
844 2327 928 2387 dotis
953 2342 983 2387 et
1012 2345 1119 2386 rerum
1152 2346 1282 2387 suarum
1315 2325 1587 2408 paraffernalium,
1611 2345 1647 2388 ac

382 2452 437 2512 per
462 2452 532 2493 eam
558 2433 623 2493 suis
647 2433 820 2494 heredibus
840 2431 980 2493 dedisset
997 2447 1027 2493 et
1052 2432 1240 2493 contulisset
1257 2431 1324 2513 jure
1343 2445 1499 2514 perpetuo
1525 2445 1555 2494 et
1573 2432 1649 2493 irre-

381 2538 570 2600 vocabiliter
602 2538 831 2620 possidendum
866 2551 896 2600 et
928 2537 1013 2618 juxta
1054 2537 1279 2599 condicionem
1313 2537 1451 2600 civitatis
1482 2551 1649 2620 prenotate

381 2645 692 2726 quomodocumque
718 2646 856 2706 voluerit
880 2644 1138 2727 disponendum;
1175 2646 1225 2706 cui
1257 2645 1329 2707 data
1355 2660 1401 2706 cst
1425 2645 1517 2706 litera
1542 2659 1649 2706 nostre

382 2751 624 2813 communitatis
648 2751 868 2834 privilegialis.

487 2857 585 2930 Quod
611 2857 686 2938 quia
721 2857 769 2917 vir
802 2857 956 2938 providus
989 2855 1103 2919 Gallus
1136 2871 1225 2918 sutor
1256 2855 1341 2919 filius
1365 2857 1494 2920 Andree
1519 2858 1558 2919 de
1584 2857 1650 2919 Du-

382 2965 493 3045 bycza,
517 2963 624 3024 senior
648 2963 769 3044 juratus
786 2976 816 3022 et
833 2963 974 3024 concivis
991 2978 1110 3042 noster,
1133 2963 1286 3024 directam
1311 2977 1342 3026 et
1359 2964 1509 3045 equalem
1527 2964 1650 3024 medie-

379 3082 477 3130 tatem
502 3068 670 3130 cuiusdam
695 3069 812 3130 domus
835 3089 891 3130 sue
910 3083 1044 3146 murate,
1070 3089 1106 3130 ac
1124 3069 1233 3130 celarii
1261 3071 1309 3130 aui
1336 3071 1462 3147 murati,
1488 3068 1648 3150 fundique

380 3189 411 3238 et
436 3174 658 3236 hedificiorum
683 3175 788 3236 eidem
814 3175 925 3236 domui
952 3189 1076 3237 murate
1109 3177 1168 3236 sub
1194 3189 1224 3236 et
1258 3175 1480 3256 adjacentibus
1505 3176 1537 3236 in
1563 3175 1647 3236 dicta

380 3281 508 3343 civitate
532 3300 633 3362 prope
658 3295 783 3361 portam
808 3281 952 3342 eiusdem
983 3282 1120 3343 civitatis
1144 3281 1316 3363 lapideam,
1341 3301 1377 3342 ac
1400 3281 1483 3342 inter
1503 3281 1648 3356 domum,

380 3385 583 3468 fundumque
609 3401 638 3447 et
662 3385 811 3448 hedificia
829 3387 1003 3448 liberorum
1029 3407 1084 3448 seu
1102 3405 1322 3448 successorum
1348 3387 1486 3448 condam
1512 3385 1644 3468 Georgii

380 3493 538 3554 sellatoris
562 3491 619 3554 filii
645 3492 783 3570 Nicolai,
808 3506 838 3554 et
863 3491 1042 3554 Clementis
1074 3491 1242 3574 freniparis
1274 3490 1331 3553 filii
1360 3492 1467 3570 Blasii,
1492 3492 1572 3554 olim
1597 3491 1646 3571 ju-

380 3599 438 3659 rati
474 3615 504 3659 et
528 3599 712 3660 concivium
737 3613 932 3676 nostrorum,
965 3600 1004 3660 ab
1037 3599 1216 3677 occidente,
1248 3618 1284 3659 ac
1317 3599 1398 3660 inter
1423 3599 1562 3680 plateam
1589 3617 1647 3659 seu

380 3704 464 3765 viam
489 3724 709 3784 communem,
734 3726 750 3766 a
775 3704 1014 3786 septemtrione,
1039 3724 1075 3766 ac
1108 3705 1190 3766 inter
1222 3719 1254 3766 et
1285 3723 1384 3786 penes
1408 3722 1537 3764 murum
1563 3703 1645 3764 eius·

380 3809 454 3872 dem
479 3811 616 3872 civitatis
640 3813 680 3873 ab
704 3812 827 3874 oriente
861 3810 1015 3889 habitam,
1048 3830 1140 3872 muro
1173 3811 1309 3872 civitatis
1339 3809 1523 3891 supradicto
1548 3808 1647 3870 adhc·

380 3930 514 3979 rentem.
532 3953 574 3964 —
592 3917 670 3980 ltem
687 3918 818 3980 totalem
838 3918 1026 4000 porcionem
1044 3917 1212 3978 cuiusdam
1230 3915 1320 3978 fundi
1338 3917 1386 3977 sui
1409 3929 1494 3978 retro
1512 3915 1646 3976 domum

380 4023 520 4104 ligneam
555 4023 752 4106 prelatorum
786 4024 963 4086 liberorum
994 4043 1050 4085 seu
1091 4043 1310 4085 successorum
1343 4023 1480 4086 condam
1514 4021 1647 4102 Georgii

381 4128 540 4191 sellatoris
571 4143 602 4192 et
634 4130 812 4192 Clementis
845 4127 1034 4212 freniparis,
1065 4150 1082 4190 a
1114 4143 1203 4212 parte
1237 4129 1486 4212 septemtrionis,
1511 4143 1541 4190 et
1566 4129 1648 4189 inter

381 4235 466 4296 viam
492 4235 627 4297 liberam
653 4250 684 4298 et
707 4256 851 4298 securam
877 4236 917 4296 ad
950 4251 1073 4318 portam
1107 4236 1210 4297 tocius
1242 4237 1358 4297 domus
1389 4236 1420 4296 in
1446 4250 1535 4317 parte
1560 4247 1647 4295 ante·

381 4341 455 4402 riori
481 4341 584 4420 sitam,
610 4363 645 4403 ac
670 4343 709 4404 ad
731 4343 873 4404 cloacam
892 4343 923 4403 in
942 4356 1031 4424 parte
1049 4342 1218 4424 posteriori
1236 4343 1340 4403 tocius
1357 4341 1474 4402 domus
1500 4361 1537 4402 ac
1555 4339 1647 4402 fundi

381 4447 462 4509 infra
487 4448 713 4510 declarandam
739 4449 922 4528 ducentem,
948 4469 1041 4511 muro
1059 4449 1159 4530 ipsius
1187 4449 1326 4510 civitatis
1350 4446 1570 4525 adherentem,
1588 4466 1648 4507 nec

381 4573 444 4615 non
472 4554 554 4616 inter
578 4555 713 4617 domum
739 4569 770 4617 et
795 4555 931 4616 fundum
957 4576 993 4618 ac
1015 4555 1164 4617 hedificia
1189 4557 1366 4617 liberorum
1393 4555 1530 4616 condam
1557 4553 1647 4614 Pauli

379 4661 549 4740 sellatoris,
574 4662 652 4723 olim
678 4663 772 4744 jurati
797 4677 828 4724 et
851 4663 992 4724 concivis
1017 4663 1126 4741 nostri,
1152 4683 1168 4724 a
1199 4662 1378 4724 meridione
1404 4675 1434 4724 et
1458 4661 1498 4722 ab
1523 4661 1647 4723 oriente

379 4767 471 4828 sitam
498 4781 529 4828 et
552 4769 752 4846 existentem,
786 4769 816 4830 in
851 4788 914 4850 qua
947 4781 1035 4849 parte
1069 4767 1159 4830 fundi
1193 4769 1329 4830 cisterna
1363 4766 1562 4848 infrascripta
1587 4766 1646 4827 sita

378 4872 446 4935 fore
472 4873 668 4955 perhibetur,
693 4895 790 4938 unam
816 4875 847 4936 in
873 4887 941 4936 toto
974 4887 1120 4956 quartam
1153 4876 1240 4936 curie
1263 4875 1303 4936 ad
1337 4894 1429 4936 usum
1456 4874 1540 4935 dicte
1565 4873 1646 4934 civi·

380 4981 453 5041 tatis
479 4981 509 5041 in
535 5000 568 5042 se
594 4981 822 5042 coutinentem.
847 5017 891 5028 -
915 4981 993 5042 ltem
1019 4980 1171 5041 directam
1204 4995 1235 5042 et
1259 4980 1408 5060 equalem
1436 4979 1643 5040 medietatem
