3842 5802
548 1646 677 1750 (Anno
705 1647 861 1734 Domini
888 1644 1229 1746 nucoonttort.)

272 1984 362 2059 Item
389 1986 423 2060 in
457 2009 551 2060 anno
572 1984 716 2060 Domini
746 1987 933 2061 millesimo
964 1986 1318 2086 quadringentesimo
1339 1993 1535 2086 septuage-

272 2110 367 2183 simo
396 2121 514 2198 sexto,
542 2121 707 2208 tempore
740 2109 909 2185 videlicet
933 2110 1113 2207 judicatus
1135 2109 1268 2186 Mathie
1297 2111 1459 2186 moderni
1482 2109 1536 2208 jn-

272 2231 362 2307 dicis
391 2231 447 2308 filii
479 2232 600 2319 Marci,
631 2234 789 2309 civitatis
832 2241 1035 2332 prenotate,
1073 2257 1223 2332 presens
1252 2234 1460 2310 kathernum
1500 2241 1538 2308 et

272 2357 408 2432 factum
436 2357 470 2431 in
500 2357 597 2432 sesto
625 2355 862 2432 Visitacionis
901 2357 1010 2433 beate
1048 2379 1193 2457 semper
1228 2359 1377 2456 virginis
1415 2357 1537 2446 Morie,

272 2503 383 2579 super
402 2481 665 2579 registracione
695 2481 875 2555 literarum
901 2479 1172 2580 privilegialium
1194 2481 1317 2556 civium
1339 2487 1377 2556 et
1404 2481 1536 2555 inhabi-

300 2611 458 2679 tatorum
488 2603 642 2678 civitatis
672 2611 876 2702 prenotate,
906 2603 1012 2678 modo
1042 2612 1081 2679 et
1109 2603 1232 2678 ordine
1261 2603 1509 2703 infrascriptis

822 2890 866 2960 (2.
881 2883 981 2962 ytalia).

364 3043 457 3104 'item
482 3043 594 3104 eadem
620 3043 671 3104 die
697 3043 902 3105 Visitacioois
926 3045 1017 3105 beate
1035 3043 1168 3126 virginis
1185 3044 1339 3126 providus
1362 3045 1410 3105 vir
1434 3046 1535 3107 Bene·

272 3150 377 3211 dictus
393 3163 495 3211 sartor
520 3149 694 3234 Simunycz
719 3150 822 3212 dictus
843 3149 998 3231 quasdam
1023 3151 1138 3212 totalea
1156 3151 1326 3233 porciones
1349 3171 1384 3214 ac
1409 3171 1532 3234 posses-

272 3257 380 3317 siones
393 3255 538 3317 omnium
557 3257 716 3316 bonorum
742 3268 773 3316 et
796 3275 903 3317 rerum
922 3257 1093 3317 mobilium
1112 3271 1142 3318 et
1160 3258 1377 3320 immobilium
1402 3258 1432 3318 in
1451 3259 1534 3320 dicta

272 3363 400 3424 civitate
425 3375 531 3423 nostra
556 3377 587 3423 et
611 3362 680 3423 eius
703 3363 865 3424 territorio
890 3362 1014 3424 habitas
1038 3375 1069 3423 et
1101 3363 1283 3442 existentes,
1308 3363 1478 3446 providum
1504 3377 1535 3426 et

273 3469 538 3550 circumspectum
565 3467 718 3548 juvenum
753 3467 947 3548 Gregorium
981 3465 1083 3529 filium
1111 3468 1257 3550 Gregorii
1285 3469 1468 3553 Symunycz
1491 3471 1534 3532 le-

272 3575 398 3655 gittime
431 3588 673 3653 concernentes,
705 3575 834 3658 dempta
870 3575 1061 3636 omnimodo
1093 3575 1231 3658 quadam
1258 3576 1357 3638 domo
1381 3597 1437 3638 seu
1462 3597 1534 3658 por·

272 3681 366 3742 cione
391 3682 508 3743 domus
532 3682 658 3764 lapidee
684 3695 714 3742 et
739 3682 876 3764 desuper
894 3683 998 3763 lignee
1030 3683 1060 3742 in
1086 3681 1168 3743 dicta
1194 3683 1320 3744 civitate
1345 3703 1445 3767 prope
1462 3703 1535 3765 por·

270 3801 336 3848 tarn
361 3786 544 3849 carnificum
578 3807 676 3869 penes
707 3788 879 3869 quemdam
913 3801 1046 3870 puteum
1079 3788 1185 3850 habita
1217 3803 1247 3850 et
1276 3791 1447 3868 existente,
1480 3811 1535 3872 per

273 3892 427 3975 providos
452 3907 482 3954 et
506 3893 658 3955 honestos
692 3895 778 3954 viros
803 3893 957 3956 Mathiam
989 3907 1141 3956 sartorem
1175 3895 1368 3957 modernum
1393 3895 1532 3975 judicem

272 4012 379 4060 nostre
402 3999 653 4078 communitatis,
677 4019 833 4080 generum
858 3999 995 4061 condam
1022 4000 1081 4061 viri
1104 4001 1253 4063 similiter
1277 4001 1402 4083 providi
1429 4016 1459 4064 et
1476 4003 1535 4064 cir-

272 4105 445 4188 cumspecti
471 4105 598 4166 Andree
625 4105 809 4188 Symunycz
827 4105 905 4167 olim
930 4107 1066 4168 senioris
1082 4105 1198 4188 judicis
1221 4121 1252 4169 et
1268 4108 1410 4170 concivis
1434 4110 1533 4172 nostri

269 4230 307 4272 ac
331 4210 496 4273 dominam
516 4211 713 4274 Dorotheum
740 4210 837 4272 filiam
863 4211 1005 4273 eiusdem
1029 4213 1167 4274 condam
1194 4213 1320 4276 Andree
1347 4215 1531 4298 Symunycz

271 4336 356 4378 nunc
380 4337 456 4378 vero
481 4337 614 4378 uxorem
639 4317 830 4398 legittimam
860 4317 973 4399 prefati
1008 4318 1128 4382 Mathie
1159 4321 1290 4382 sartoris
1314 4321 1461 4383 moderni
1487 4321 1533 4403 ju-

270 4421 351 4482 dicis
375 4423 474 4484 nostri
499 4435 530 4485 et
555 4423 694 4484 condam
719 4422 923 4486 Clementem
941 4424 1123 4509 Symunycz
1147 4424 1276 4489 fratrem
1303 4426 1453 4490 videlicet
1469 4448 1533 4490 car-

270 4528 376 4590 nalem
402 4527 514 4610 prefati
540 4530 676 4591 condam
700 4529 828 4591 Andree
848 4531 1031 4613 Symunycz
1048 4531 1223 4612 legittimos
1247 4533 1398 4596 videlicet
1421 4555 1533 4596 execu-

268 4648 354 4697 tores
377 4635 557 4696 testamenti
576 4636 684 4718 scripti
703 4635 816 4718 prelati
835 4636 972 4698 condam
991 4637 1120 4699 Andree
1141 4639 1325 4723 Symunycz
1350 4653 1381 4703 et
1396 4639 1531 4701 condam

270 4738 420 4821 Gregorii
438 4739 495 4802 filii
514 4740 661 4823 Gregorii
682 4741 786 4804 [ratris
802 4743 953 4805 videlicet
970 4743 1106 4804 carnalis
1119 4743 1231 4826 prefati
1250 4745 1387 4808 condam
1405 4746 1533 4808 Andree

270 4845 454 4930 Symunycz
479 4847 587 4909 eidem
613 4849 788 4910 Benedicto
813 4850 925 4910 sartori
944 4869 1001 4931 pro
1032 4850 1218 4929 expiacione
1242 4853 1399 4914 scelerum
1425 4866 1456 4915 et
1479 4855 1532 4914 ab·

269 4950 435 5014 solucione
460 4953 640 5015 animarum
658 4953 854 5036 prefatorum
872 4955 1009 5017 condam
1028 4955 1156 5017 Andree
1174 4970 1204 5018 et
1223 4957 1371 5040 Gregorii
1390 4958 1532 5036 fratrum,

271 5076 309 5118 ac
332 5057 462 5120 alterius
487 5057 635 5140 Gregorii
661 5058 717 5121 filii
743 5061 888 5123 eiusdem
922 5061 1069 5142 Gregorii
1096 5061 1280 5146 Symunycz
1313 5064 1471 5126 dictorum
1497 5085 1533 5126 ac
