3842 5802
920 522 1007 577 Anno
1030 530 1119 596 1475.

390 749 477 816 parte
502 733 692 794 occidentali
717 751 816 814 penes
841 730 977 792 fundum
1010 745 1041 792 et
1064 731 1218 793 celarium
1251 751 1384 813 parvum
1409 733 1653 793 subterraneum

391 841 498 902 relicte
526 840 690 901 Benedicti
715 838 845 900 sartoris
869 836 973 899 fratris
1005 839 1178 920 supradicti
1209 837 1398 917 Clementis,
1431 854 1561 920 aparte
1586 859 1654 920 sep·

389 947 586 1008 temtrionali
610 946 758 1008 similiter
792 963 890 1026 penes
923 942 1058 1006 [undum
1093 944 1236 1006 eiusdem
1271 945 1379 1006 relicte
1404 965 1439 1006 ac
1463 943 1653 1026 (h)ortulum

382 1033 524 1135 vparvum
549 1065 635 1114 extra
660 1071 787 1112 murum
822 1053 881 1112 suh
913 1065 998 1112 turre
1032 1051 1126 1112 Chon
1160 1051 1238 1112 olim
1272 1051 1387 1130 judicis
1412 1053 1524 1130 nostri,
1548 1052 1654 1134 propi-

389 1159 477 1220 navit
501 1172 531 1218 et
555 1158 645 1220 dedit
670 1159 763 1218 Petro
787 1156 926 1238 lspicide
950 1155 1018 1218 filio
1049 1155 1203 1238 Stephani
1236 1157 1276 1218 de
1300 1157 1477 1238 Wolsperg
1501 1171 1531 1218 et
1555 1158 1654 1218 Elene

389 1263 533 1326 eiusdem
558 1263 699 1325 consorti
725 1263 769 1324 uti
788 1262 881 1324 novis
898 1262 1086 1323 concivibus
1111 1263 1153 1324 ita
1170 1275 1290 1341 tamen,
1315 1263 1403 1344 quod
1428 1277 1500 1345 post
1519 1278 1654 1325 mortem

341 1435 343 1438 ,
391 1370 527 1432 alicuius
544 1390 655 1432 eorum
672 1369 769 1431 trium
788 1389 883 1450 super
907 1369 1068 1430 viventem
1093 1369 1346 1446 condescendat;
1371 1371 1422 1431 cui
1448 1383 1494 1432 est
1518 1371 1589 1432 data
1615 1371 1654 1431 li-

389 1489 457 1538 tera
480 1476 691 1558 privilegialis
714 1494 810 1556 super
835 1475 1008 1556 premissis.
1700 1473 1702 1476 ’

497 1583 596 1656 Quod
621 1582 736 1642 mulier
762 1581 896 1662 provida
921 1580 1015 1642 Clara
1048 1581 1126 1642 alias
1158 1580 1298 1663 conjunx
1323 1582 1460 1643 condam
1486 1581 1650 1644 Benedicti

393 1690 547 1752 institoris
579 1708 663 1749 nunc
695 1706 771 1748 vero
816 1707 946 1748 consors
979 1687 1068 1748 Pauli
1101 1686 1286 1749 fistulatoris
1327 1688 1365 1748 de
1397 1687 1482 1750 Gora
1516 1687 1651 1750 fundum

391 1816 485 1858 suum
511 1814 567 1856 seu
591 1793 685 1855 civile
711 1792 861 1854 videlicet
894 1791 1098 1854 medietatem
1123 1793 1290 1854 cuiusdam
1323 1793 1415 1854 fundi
1440 1813 1513 1855 cum
1538 1795 1655 1855 celario

394 1903 603 1963 subterraneo
637 1900 669 1959 in
695 1912 801 1960 nostra
833 1898 959 1960 civitate
985 1899 1183 1978 existentem,
1216 1900 1297 1960 inter
1329 1898 1465 1960 fundum
1498 1899 1653 1961 Anthonii

391 2007 553 2088 lutifiguli,
571 2027 588 2066 a
606 2020 693 2086 parre
718 2005 982 2086 septemtrionali,
1000 2025 1016 2066 a
1036 2019 1124 2086 parte
1142 2025 1217 2067 vero
1232 2006 1377 2066 meridiei
1402 2026 1500 2088 penes
1517 2005 1653 2067 fundum

392 2112 559 2174 Michaelis
583 2112 714 2190 Bertun,
738 2111 922 2192 propinavit
946 2111 1051 2172 eidem
1069 2111 1169 2172 Paulo
1195 2111 1351 2172 moderno
1377 2112 1492 2172 marito
1516 2131 1587 2173 suo.
1613 2149 1653 2158 -

392 2220 469 2280 Item
496 2217 614 2279 nobilis
640 2217 832 2278 Benedictus
857 2217 1008 2298 Krupycz
1025 2217 1120 2278 aliam
1147 2217 1350 2278 medietatem
1370 2217 1514 2279 eiusdem
1540 2217 1655 2279 domus

392 2344 464 2386 cum
489 2321 591 2386 fundo
616 2335 647 2384 et
671 2322 804 2384 edificiis
828 2342 864 2384 ac
888 2323 1018 2384 cellario
1044 2322 1190 2384 vendidit
1221 2323 1326 2384 eidem
1359 2323 1460 2385 Paulo
1485 2323 1651 2385 fistulatori

392 2451 451 2514 pro
475 2430 618 2512 quinque
644 2429 713 2491 flor.
738 2429 824 2505 auri;
857 2429 907 2490 cui
932 2428 971 2490 ad
989 2430 1142 2511 premissa
1167 2429 1232 2490 duo
1254 2428 1404 2490 videlicet
1427 2429 1597 2511 propinem
1623 2443 1653 2490 et

394 2539 598 2620 empcionem
624 2538 696 2598 data
722 2549 768 2596 est
791 2536 881 2598 litera
905 2535 1125 2617 privilegialis.

498 2643 596 2717 Quod
615 2641 733 2704 nobilis
751 2641 886 2722 Egidius
903 2639 1042 2701 carnifex
1060 2641 1100 2702 de
1116 2641 1222 2702 Mlaka
1239 2639 1325 2701 filius
1343 2641 1492 2719 Emerici,
1510 2654 1655 2722 quartam

392 2764 515 2832 partem
532 2749 700 2810 cuiusdam
714 2746 807 2808 fundi
824 2767 880 2808 seu
897 2748 1014 2808 domus
1031 2761 1154 2809 murare
1172 2767 1245 2808 cum
1262 2747 1396 2808 edificiis
1409 2767 1504 2830 super
1521 2748 1655 2808 domum

392 2869 549 2917 muratam
576 2855 776 2932 constructis,
802 2855 832 2914 in
858 2865 964 2915 nostra
995 2854 1121 2915 civitate
1155 2853 1312 2932 habitum,
1338 2873 1409 2915 cum
1435 2855 1586 2916 omnihus
1610 2853 1657 2935 ju·

392 2963 479 3024 ribus
503 2976 534 3023 et
558 2960 774 3042 pertinenciis,
792 2961 897 3041 ipsum
915 2960 1010 3021 titulo
1029 2961 1208 3042 empcionis
1229 2973 1488 3040 concernentem,
1512 2961 1657 3022 vendidit

393 3089 450 3150 pro
476 3083 549 3130 octo
573 3067 643 3130 flor.
668 3066 812 3148 Georgio
834 3065 901 3128 filio
919 3067 1010 3128 Pauli
1035 3067 1074 3127 de
1099 3067 1183 3148 Vgra
1204 3067 1251 3128 uti
1276 3086 1361 3128 novo
1379 3083 1489 3130 nostro
1514 3069 1657 3144 coucivi;

393 3176 442 3236 cui
468 3175 540 3235 data
567 3187 612 3234 est
636 3174 726 3234 litera
751 3173 971 3256 privilegialis.

499 3279 576 3341 ltem
603 3279 765 3340 Johannes
788 3279 896 3342 senior
918 3278 1014 3359 judex
1039 3293 1069 3340 et
1093 3279 1234 3340 concivis
1259 3292 1367 3341 noster
1390 3278 1475 3340 filius
1499 3280 1591 3358 Pero,
1608 3281 1654 3340 vi·

393 3406 486 3448 neam
504 3386 669 3447 cuiusdam
682 3386 804 3466 Agathe
822 3383 926 3446 eidem
938 3385 1075 3446 Johanni
1093 3405 1150 3466 pro
1169 3385 1277 3446 debito
1296 3398 1417 3466 septem
1437 3384 1506 3447 fior.
1526 3405 1654 3446 concer-

394 3506 535 3569 nentem,
560 3493 641 3552 inter
666 3491 793 3552 vineam
816 3509 1036 3552 successorum
1053 3491 1190 3552 condam
1210 3491 1389 3552 Sebastiani
1406 3487 1464 3551 filii
1490 3490 1655 3572 Stephani,

394 3597 536 3659 concivis
560 3597 671 3675 nostri,
696 3611 726 3657 et
751 3598 833 3657 inter
866 3617 1072 3658 communem
1097 3598 1194 3674 viam,
1228 3597 1392 3679 Stephano
1416 3597 1565 3679 piathnar
1589 3597 1657 3660 filio

396 3703 561 3765 Michaelis
586 3704 625 3765 de
651 3703 821 3764 Koloswar
844 3723 902 3786 pro
927 3704 1070 3785 quinque
1097 3703 1165 3766 flor.
1188 3703 1354 3780 vendidit,
1377 3703 1427 3764 cui
1452 3703 1524 3765 data
1551 3719 1596 3765 est
1620 3705 1657 3765 li·

394 3825 460 3872 tera
490 3809 707 3892 privilegialis.

583 4048 618 4119 ln
647 4049 733 4120 iesto
763 4043 1021 4121 Purificacionis
1049 4051 1147 4122 beate
1175 4053 1320 4139 virginis
1350 4051 1466 4122 uarie.

906 4204 946 4280 (2.
964 4205 1144 4282 februarii).

504 4343 639 4404 Provida
666 4344 796 4404 domina
823 4344 985 4406 Dorothea
1019 4344 1084 4406 filia
1117 4346 1254 4407 condam
1280 4347 1431 4408 Thoman
1459 4346 1659 4428 Spathawicz

398 4471 478 4510 uxor
504 4449 635 4530 Georgii
660 4449 715 4510 filii
740 4449 911 4510 Vithkonis
928 4451 967 4510 de
986 4452 1169 4512 Modrussio
1187 4453 1369 4533 propinavit
1386 4453 1489 4514 eidem
1516 4452 1658 4532 Georgio

401 4557 516 4617 marito
541 4575 599 4615 suo
624 4556 811 4636 porcionem
835 4575 923 4616 suam
954 4557 1248 4637 possessionariam,
1280 4557 1429 4618 videlicet
1453 4558 1657 4618 medietatem

400 4661 539 4744 pallacii,
565 4661 662 4738 curie,
688 4661 790 4721 civilis
804 4660 906 4739 fundi,
931 4661 1131 4724 edificiorum
1157 4663 1187 4724 in
1216 4663 1299 4724 dicta
1324 4665 1450 4726 civitate
1476 4664 1659 4725 habitorum

398 4768 479 4827 inter
503 4768 617 4827 domos
642 4786 698 4827 seu
724 4765 841 4827 fundos
867 4769 1003 4828 condam
1025 4770 1134 4830 Jacobi
1154 4770 1328 4851 Eherspelr,
1353 4791 1369 4830 a
1394 4783 1482 4852 parte
1508 4769 1659 4831 meridio-

398 4873 473 4951 nali,
498 4893 557 4934 nec
582 4894 646 4934 non
673 4893 771 4955 penes
803 4874 937 4934 domum
970 4890 1127 4936 muratam
1160 4896 1216 4937 seu
1248 4876 1420 4958 pallacium
1447 4876 1544 4937 Blasii
1570 4876 1659 4936 insti·

398 4981 475 5040 toris
499 4980 722 5042 Thetvtoniczi
748 4993 778 5042 et
803 4981 933 5045 domine
957 4980 1129 5046 Katherine
1148 4983 1256 5048 uxoris
1280 4982 1423 5048 eiusdem
1451 4983 1558 5062 Blasii,
1584 5002 1657 5069 cog·
