3810 5806
551 1573 679 1672 (luno
708 1515 865 1662 ooinru
892 1573 1264 1679 ancorarum.)

265 1930 369 2006 Anno
390 1929 534 2006 Domini
549 1933 737 2009 millesimo
753 1932 1108 2032 quadringentesimo
1121 1934 1374 2033 octuagesimo
1390 1942 1531 2035 quarto,

265 2055 418 2130 sabbato
448 2056 612 2155 proximo
641 2067 726 2133 ante
755 2057 888 2132 festum
922 2055 1189 2132 Purificacionis
1224 2059 1372 2157 virginis
1403 2057 1527 2146 llarie,

264 2191 428 2274 tempore
451 2178 633 2276 judicatus
654 2181 904 2279 circumspecti
921 2179 1093 2281 Johannis
1122 2180 1181 2255 filii
1210 2178 1417 2257 Sebastiam
1448 2179 1529 2258 Sol·

265 2303 373 2396 dinar,
394 2327 546 2402 presens
566 2305 754 2379 laternum
774 2313 832 2380 est
869 2303 1004 2380 factum
1033 2312 1071 2380 et
1109 2305 1350 2404 conscriptum
1380 2307 1413 2380 in
1444 2305 1529 2399 indi-

264 2437 346 2502 cato
376 2427 545 2504 videlicet
573 2428 733 2504 secundo
763 2427 925 2504 eiusdem
949 2428 1121 2528 johannis
1150 2428 1209 2504 filii
1240 2427 1449 2505 Sebastiam
1474 2429 1528 2528 jn-

752 2551 840 2628 dicis
869 2552 1044 2628 moderni.

774 2831 836 2895 (31.
856 2819 1023 2895 januarii).

367 2981 463 3040 Anno
481 2978 657 3060 prescripto
677 2978 708 3039 in
727 2975 808 3039 festo
832 2977 999 3040 Vincencii
1017 2978 1165 3056 martiris,
1191 2979 1388 3040 laurencius
1407 2979 1526 3062 Sporar

263 3086 371 3148 senior
387 3085 484 3166 judex
501 3099 532 3146 et
550 3085 690 3147 concivis
708 3097 815 3146 noster
826 3084 1023 3166 comparavit
1039 3086 1200 3166 quandam
1216 3085 1349 3147 domum
1365 3099 1522 3148 muratam

261 3214 335 3256 cum
355 3194 472 3256 celario
496 3193 643 3256 similiter
668 3206 806 3271 murato,
823 3212 894 3253 cum
914 3192 1080 3254 structuris
1096 3191 1267 3253 domorum
1291 3207 1322 3255 et
1346 3194 1466 3254 curium
1493 3194 1525 3255 in

262 3302 387 3363 civitate
413 3317 519 3362 nostra
537 3300 619 3362 inter
643 3299 776 3362 domum
796 3315 826 3361 et
842 3299 1001 3361 staciones
1025 3299 1133 3360 altaris
1149 3299 1249 3360 sancti
1266 3300 1392 3361 Nicolai
1418 3300 1449 3361 in
1476 3321 1526 3362 ec·

261 3408 357 3469 clesia
381 3407 481 3469 sancti
509 3407 607 3468 Marci
634 3404 770 3485 fundati,
795 3426 811 3466 a
836 3419 926 3488 parte
943 3407 1103 3486 orientali,
1128 3420 1253 3489 aparte
1276 3425 1352 3468 vero
1377 3407 1527 3468 occiden-

260 3514 317 3576 tali
342 3533 440 3595 penes
473 3512 609 3574 fundum
642 3532 698 3578 seu
732 3513 827 3575 civile
860 3513 1060 3594 Margarethe
1093 3512 1201 3575 relicte
1234 3513 1371 3575 condam
1398 3514 1527 3577 Thome

261 3621 390 3681 sartoris
413 3634 444 3681 et
467 3638 686 3681 successorum
719 3619 874 3698 eiusdem,
907 3640 924 3682 a
949 3619 1082 3702 provida
1116 3619 1248 3680 domina
1279 3620 1395 3682 Vrsula
1419 3622 1527 3682 relicta

261 3725 397 3786 condam
422 3726 578 3787 Johannis
603 3727 702 3788 Pazar
725 3739 890 3807 tamquam
916 3746 933 3786 a
957 3745 1139 3787 successore
1165 3726 1335 3807 legittimo.

368 3833 444 3894 ltem
470 3851 556 3894 anno
580 3833 796 3914 suprascripto
821 3833 852 3893 in
878 3832 930 3894 die
955 3833 1186 3895 Conversionis
1203 3833 1303 3894 sancti
1328 3833 1431 3910 Pauli,
1455 3833 1524 3895 Ste-

262 3937 387 4020 phanus
411 3940 555 4002 literatus
590 3939 675 4001 filius
711 3940 795 4002 Petri
832 3940 872 4001 de
905 3941 1091 4002 Blaskowcz
1124 3960 1224 4023 prope
1257 3939 1453 4022 Lisnikhegh
1486 3940 1525 4002 de

261 4045 419 4124 Prioratu,
443 4046 550 4107 senior
566 4045 662 4124 judex
686 4060 717 4108 et
734 4047 875 4107 concivis
893 4060 1001 4107 noster
1021 4048 1221 4128 comparavit
1245 4066 1263 4107 a
1287 4047 1526 4128 circumspectis

239 4143 335 4212 ⁴viris
361 4152 466 4214 Blasio
501 4153 647 4214 Lazarini
680 4153 798 4214 seniori
831 4152 936 4234 judice
969 4166 999 4214 et
1031 4154 1164 4213 concive
1199 4167 1309 4214 nostro
1335 4168 1366 4215 et
1391 4153 1525 4215 Simone

259 4273 379 4320 sartore
403 4259 551 4320 similiter
575 4260 707 4320 concive
741 4272 863 4338 nostru,
896 4258 1062 4338 legittimis
1095 4259 1318 4321 executoribus
1343 4260 1525 4321 testamenti

260 4367 367 4448 scripti
404 4366 541 4427 condam
566 4366 692 4427 Nicolai
728 4367 845 4428 sutoris
876 4366 1011 4426 senioris
1048 4365 1141 4447 jurati
1177 4379 1208 4428 et
1240 4366 1381 4427 concivis
1413 4366 1525 4445 nostri,

260 4473 425 4555 quoddam
457 4473 551 4534 civile
583 4492 639 4533 seu
672 4471 809 4534 fundum
843 4471 976 4533 edificiis
1007 4486 1179 4550 carentem,
1213 4473 1244 4533 in
1274 4492 1339 4553 quo
1364 4473 1442 4533 alias
1466 4472 1521 4533 cli·

259 4581 360 4641 banus
384 4600 439 4641 seu
464 4577 576 4640 furnus
599 4579 639 4639 ad
665 4579 839 4660 pinsendos
864 4599 962 4660 panes
987 4592 1063 4656 erat,
1090 4579 1171 4639 inter
1189 4577 1326 4640 fundum
1351 4599 1407 4640 seu
1424 4579 1518 4640 civile

259 4707 277 4747 a
302 4700 388 4768 parte
413 4685 566 4747 videlicet
596 4685 743 4746 orientali
771 4685 925 4768 Stephani
958 4685 1151 4766 Stephanicz
1176 4684 1264 4762 dicti,
1287 4705 1303 4744 a
1329 4699 1418 4767 parte
1443 4703 1521 4746 vero

259 4790 448 4854 occidentali
462 4811 561 4874 penes
578 4792 683 4853 civilia
704 4790 889 4853 seulundos
906 4792 1021 4873 partim
1039 4791 1171 4853 domine
1190 4791 1306 4871 Magde
1320 4792 1428 4853 relicte
1446 4811 1520 4852 con-

259 4899 332 4959 dam
357 4899 458 4960 Zorze
484 4898 599 4980 partim
624 4899 773 4960 similiter
806 4917 905 4980 penes
937 4897 1073 4958 fundum
1106 4897 1214 4958 relicte
1245 4897 1359 4959 Vrsule
1383 4897 1520 4959 condam

260 5003 388 5066 Martini
413 5005 570 5082 Kranecz,
595 5005 708 5086 partim
735 5005 884 5066 similiter
909 5024 1007 5086 penes
1031 5001 1168 5064 lundam
1195 5001 1328 5084 Georgii
1354 5003 1481 5082 sutoris,
1506 5023 1522 5063 a

1415 5111 1437 5174 4
