3840 5800
405 544 468 609 292
957 522 1108 584 Rationes.

510 735 588 802 Item
613 737 645 798 in
671 737 758 799 curia
782 735 860 798 olim
886 734 1010 797 domini
1037 734 1202 797 Michaelis
1235 731 1400 816 Raffnycz,
1424 732 1591 794 cellarium
1616 751 1675 813 per

405 845 576 906 dominum
600 843 783 906 lohannetu
799 841 1047 906 Camarcensem
1067 841 1107 903 de
1125 859 1210 902 novo
1228 837 1347 900 lactum
1364 839 1461 900 simul
1486 858 1559 900 cum
1585 853 1673 900 tecto

406 950 562 1029 eiusdem,
586 949 733 1012 estimata
756 947 798 1010 ad
820 946 890 1014 flor.
912 949 985 1027 XX,
1005 965 1103 1030 quam
1120 945 1291 1028 pecuniam
1316 943 1468 1026 magister
1493 944 1614 1006 Paulus
1631 945 1673 1006 de

405 1055 569 1142 Rowycha
594 1056 689 1137 plene
714 1054 943 1138 persolvit...
976 1053 1046 1117 flor.
1071 1053 1143 1117 XX.

516 1179 595 1242 Item
629 1180 661 1241 in
694 1179 780 1242 curia
820 1178 986 1261 quondam
1026 1177 1169 1259 magistri
1202 1175 1340 1238 Emerici
1384 1175 1424 1237 de
1457 1176 1675 1237 Loscakowcz

407 1289 524 1350 domus
547 1307 604 1370 per
628 1307 702 1349 eum
726 1285 868 1348 totaliter
898 1299 981 1348 tecta
1016 1283 1113 1346 simul
1145 1303 1219 1345 cum
1250 1283 1390 1366 coquina
1415 1295 1446 1345 et
1470 1297 1572 1365 porta,
1597 1284 1674 1343 esti-

406 1407 490 1457 mata
515 1393 584 1458 flor.
607 1393 648 1473 X,
672 1412 770 1474 quam
794 1393 965 1475 pecuniam
991 1391 1143 1452 dominus
1177 1388 1340 1452 lohannes
1365 1389 1541 1452 modernus
1565 1403 1675 1450 custos

405 1501 574 1564 solvit...
599 1499 668 1563 flor.
692 1500 731 1563 X.

512 1606 590 1668 Item
614 1605 646 1666 in
671 1605 758 1666 curia
791 1603 958 1686 quondam
990 1603 1114 1666 domini
1144 1602 1275 1684 Georgii
1308 1601 1530 1664 archidiaconi
1557 1602 1674 1680 Veste,

405 1713 553 1796 superior
577 1711 695 1773 domus
719 1711 836 1773 camini
869 1730 941 1772 cum
966 1711 1092 1792 porticu
1126 1725 1157 1772 et
1192 1710 1281 1786 aliis;
1313 1709 1389 1770 item
1418 1721 1539 1770 tectura
1564 1724 1597 1770 et
1621 1729 1670 1770 re·

405 1817 605 1880 lormacione
629 1819 733 1880 tocius
757 1817 884 1896 domus,
908 1816 1047 1898 coquina
1074 1817 1168 1895 bona,
1192 1828 1290 1898 puteo
1314 1814 1462 1876 similiter
1479 1816 1579 1894 bono,
1598 1817 1673 1878 esti-

406 1938 491 1986 mata
515 1923 555 1986 ad
572 1923 641 1988 flor.
663 1925 730 2002 LX,
754 1943 813 2006 pro
837 1943 900 2005 qua
922 1922 1001 1984 nihil
1027 1937 1074 1986 est
1097 1923 1248 1985 solutum.

512 2048 589 2110 Item
614 2049 647 2110 in
671 2048 758 2110 curia
774 2046 1033 2110 reverendissimi
1058 2047 1182 2108 domini
1202 2045 1368 2128 Stephani,
1385 2046 1533 2107 moderni
1559 2045 1674 2108 suffra-

405 2155 510 2236 ganei,
535 2155 706 2216 erchirium
731 2173 788 2238 per
811 2154 999 2235 magistrum
1024 2153 1228 2216 Clementem
1252 2166 1383 2231 tectum,
1415 2153 1600 2214 estimatum
1626 2155 1667 2213 ad

407 2262 475 2324 lior.
494 2259 560 2343 1¹1„
578 2280 675 2342 quam
688 2260 860 2344 pecuniam
877 2259 963 2322 idem
981 2259 1133 2321 dominus
1151 2257 1332 2341 Stephanus
1348 2257 1444 2320 solvit
1458 2308 1466 2323 .
1480 2308 1486 2322 .
1500 2308 1506 2320 .
1520 2257 1588 2322 flor.
1606 2260 1673 2342 1¹12.

511 2365 590 2430 Item
614 2367 647 2428 in
672 2367 770 2446 curia,
804 2387 902 2448 quam
935 2366 1101 2447 quondam
1133 2367 1283 2448 magister
1316 2364 1477 2448 Georgius
1503 2367 1544 2428 de
1569 2367 1672 2449 Myle·

406 2474 492 2536 tincz
525 2473 735 2552 inhabitabat,
769 2472 886 2534 domus
916 2491 974 2554 per
1005 2472 1145 2534 eundem
1182 2472 1222 2534 de
1254 2491 1340 2533 novo
1372 2470 1454 2534 lacta
1478 2472 1574 2533 simul
1597 2491 1672 2532 cum

408 2581 539 2643 cellario
564 2592 595 2642 et
613 2579 763 2661 coquina,
780 2579 925 2640 estimato
949 2579 989 2640 ad
1006 2577 1075 2643 flor.
1092 2579 1190 2658 LXX,
1208 2597 1304 2660 quam
1323 2577 1493 2660 pecuniam
1520 2578 1674 2640 dominus

407 2687 561 2751 Nicolaus
584 2687 625 2749 de
650 2685 769 2766 Bucha,
801 2685 976 2747 modernus
999 2685 1115 2764 Vaslra,
1139 2685 1369 2768 persolvit...
1393 2684 1462 2748 flor.
1486 2685 1583 2750 LXX.

514 2811 591 2874 ltem
617 2811 762 2873 incuria
790 2811 915 2872 domini
948 2810 1173 2871 Kamarcensia
1204 2829 1264 2892 pro
1297 2808 1531 2871 reformatione
1556 2808 1675 2870 domus

407 2937 464 3002 per
488 2917 654 3000 quondam
679 2916 848 2978 dominum
875 2914 1053 2996 Georgium
1087 2914 1325 2997 suffraganeum
1356 2913 1528 2976 reformata
1552 2916 1584 2976 in
1608 2930 1673 2977 tec-

407 3037 479 3086 tura
502 3022 599 3085 timul
623 3041 696 3084 cum
722 3035 814 3104 porta
838 3035 870 3083 et
892 3021 974 3100 aliis,
999 3022 1146 3084 estimato
1170 3021 1211 3083 ad
1238 3021 1307 3087 flor.
1330 3021 1429 3100 XVll,
1453 3040 1550 3104 quarn
1575 3042 1673 3105 pecu-

409 3129 496 3190 niam
522 3128 589 3210 ipse
614 3127 767 3188 dominus
791 3127 953 3188 lohannes
978 3127 1202 3190 Kamarcensis
1233 3128 1460 3210 persolvit...
1484 3127 1553 3191 flor.
1575 3128 1674 3192 XVll.

515 3251 594 3315 Item
619 3252 758 3334 coquina
782 3253 814 3314 in
840 3253 926 3314 curia
951 3252 1116 3336 quondam
1142 3251 1267 3314 domini
1292 3252 1431 3314 cantoris
1456 3252 1601 3314 estimato
1631 3253 1673 3313 ad

411 3359 483 3424 flor,
504 3372 590 3439 octo,
614 3379 710 3442 super
734 3379 798 3441 qua
828 3360 996 3421 solucione
1028 3359 1195 3422 absolutus
1219 3372 1266 3421 est
1297 3379 1354 3442 per
1377 3358 1485 3420 literas
1509 3358 1673 3420 Reveren-

410 3466 533 3528 dissimi
558 3465 683 3527 domini
708 3467 807 3528 nostri
833 3466 978 3528 Andreas
1002 3467 1174 3548 organista.

514 3569 593 3635 Item
618 3572 734 3634 domus
758 3573 923 3653 quondam
949 3572 1092 3655 magistri
1114 3571 1243 3634 Thome
1268 3571 1427 3653 Thompa,
1452 3591 1508 3654 per
1532 3572 1673 3633 eundem

410 3677 502 3758 lacta,
527 3679 673 3740 estimato
696 3679 737 3740 ad
761 3677 830 3743 flor.
853 3679 921 3758 XL,
945 3698 1043 3760 quam
1069 3679 1239 3760 pecuniam
1258 3678 1410 3740 dominus
1434 3677 1588 3738 Nicolaus
1605 3679 1672 3758 ple-

410 3786 512 3846 banus
535 3783 574 3846 de
598 3784 694 3846 Vtina
719 3798 749 3846 et
773 3783 1018 3846 archidiaconns
1051 3784 1235 3846 dubicensis
1258 3783 1485 3866 persolvit...
1511 3783 1578 3845 flor.
1605 3784 1675 3848 XL.

516 3908 594 3970 ltem
620 3907 650 3970 in
676 3909 773 3986 curia,
799 3928 895 3990 quarn
921 3909 1072 3990 magister
1100 3909 1266 3970 Emericus
1299 3908 1339 3970 de
1363 3921 1470 3970 sancta
1495 3908 1600 3971 Cruce
1625 3908 1672 3968 in-

409 4015 576 4077 habitabat
599 4029 629 4076 et
653 4015 683 4076 in
710 4028 795 4076 certa
819 4016 867 4076 sui
890 4029 978 4097 parte
1007 4014 1246 4094 reformaverat,
1271 4013 1367 4076 simul
1392 4033 1464 4076 cum
1490 4027 1580 4097 porta
1599 4015 1672 4074 esti·

411 4137 495 4183 mata
520 4121 560 4182 ad
585 4121 654 4185 flor.
677 4123 716 4200 X,
742 4141 838 4202 quam
863 4122 1033 4203 pecuniam
1056 4121 1206 4202 magister
1223 4120 1342 4182 Paulus
1366 4120 1405 4182 de
1430 4117 1583 4202 lwanych
1602 4141 1672 4201 per·

409 4228 576 4290 solvit...
600 4226 669 4290 flor.
694 4227 731 4292 X.

518 4334 595 4394 ltem
622 4334 738 4394 domus
763 4333 906 4415 magistri
931 4334 1060 4396 Andree
1092 4334 1131 4395 de
1156 4335 1287 4419 Razyna
1313 4333 1345 4394 in
1370 4332 1490 4414 angulo
1514 4334 1598 4394 circa
1623 4353 1674 4393 ec-

410 4439 541 4503 clesiam
566 4442 658 4503 beate
682 4441 816 4522 virginis
841 4441 985 4502 estimata
1010 4441 1050 4502 ad
1082 4439 1152 4504 flor.
1177 4454 1263 4520 octo,
1287 4459 1385 4521 quam
1410 4439 1580 4521 pecuniam
1607 4459 1672 4500 ma·

408 4547 506 4628 gister
531 4545 644 4609 Gallus
666 4546 745 4608 alias
769 4562 938 4609 succentor
960 4547 1191 4629 persolvit...
1216 4546 1286 4610 flor.
1311 4545 1392 4611 Vlll.

515 4667 592 4732 ltem
626 4670 657 4730 in
691 4671 778 4731 curia
809 4671 975 4752 quondam
1008 4671 1132 4732 domini
1166 4671 1295 4732 Martini
1331 4669 1548 4732 archidiaconi
1574 4669 1673 4732 Chas-

410 4777 529 4837 mensis
554 4775 680 4852 domus,
712 4795 808 4857 quam
843 4776 927 4836 idem
963 4777 1002 4838 de
1035 4797 1120 4838 novo
1155 4776 1325 4855 edificavit,
1353 4795 1389 4838 ac
1412 4775 1514 4838 eciam
1539 4777 1673 4836 domum

409 4882 492 4944 circa
516 4897 641 4964 portam
667 4881 948 4962 refecit,estimata
975 4883 1013 4942 ad
1040 4883 1108 4945 llor.
1126 4883 1265 4959 XXXll;
1290 4882 1344 4943 sed
1363 4897 1492 4964 propter
1517 4882 1673 4964 inperfec-

408 4988 534 5048 cior'rem
561 4989 677 5048 domus
702 4989 815 5049 iterum
842 4986 901 5050 fuit
926 4990 1107 5051 reestimata
1134 5010 1191 5071 pro
1210 4990 1361 5070 magistro
1393 4989 1516 5050 Briccio
1542 4991 1580 5049 de
1599 4989 1675 5050 lwa-
