3810 5806
422 1881 623 1938 Inventarium
645 1878 823 1938 calhedralis
852 1876 964 1938 ecclesie
994 1877 1205 1953 aagrabiense's,
1237 1881 1373 1952 scriplum
1396 1897 1474 1937 circa
1497 1897 1567 1942 aun.
1591 1891 1683 1956 1425.

526 2232 615 2310 ltem,
641 2251 702 2292 una
726 2251 821 2312 parva
846 2251 923 2294 crux
947 2231 985 2292 de
1003 2251 1093 2312 auro,
1117 2233 1149 2293 in
1174 2245 1302 2314 quaest
1326 2232 1450 2312 lignum
1469 2230 1593 2310 Crucis,
1619 2250 1682 2312 que

421 2359 516 2421 super
539 2339 683 2420 plenario
707 2338 788 2399 solet
813 2337 900 2418 poni.

526 2445 615 2523 ltem,
640 2445 721 2505 liber
746 2443 1012 2526 ewangeliorum,
1037 2463 1135 2505 manu
1167 2445 1267 2506 sancti
1293 2445 1379 2506 Luce
1405 2443 1624 2524 ewangeliste,
1650 2455 1684 2504 ut

420 2552 579 2629 asseritur,
604 2551 748 2632 scriptus,
773 2570 853 2633 puro
871 2566 1003 2631 argento
1021 2565 1201 2634 coopertus,
1215 2550 1332 2632 figuras
1357 2547 1508 2612 Crucifixi
1534 2563 1565 2610 et
1588 2551 1682 2610 beate

421 2658 520 2720 Maris
545 2657 677 2738 virginis
702 2656 879 2720 continens.

527 2764 615 2842 ltem,
640 2763 832 2844 plenarium,
857 2763 887 2824 in
914 2783 979 2845 quo
1002 2778 1048 2825 est
1065 2763 1214 2825 nativitas
1239 2763 1357 2825 Christi
1374 2763 1497 2845 sculpta
1522 2781 1595 2824 cum
1613 2761 1684 2822 aliis

420 2872 570 2954 hystoriis
595 2871 626 2931 in
652 2874 759 2950 ebore,
784 2871 952 2932 continens
977 2871 1008 2931 in
1033 2891 1066 2932 se
1091 2871 1343 2952 circumquaque
1371 2869 1493 2953 lapides
1518 2867 1600 2930 infra
1626 2869 1682 2929 de·

421 2977 599 3055 clarandos,
624 2976 790 3038 videlicet:
828 2977 859 3037 in
896 2977 1004 3038 medio
1029 2990 1060 3038 et
1084 2975 1165 3038 infra
1191 2977 1223 3038 in
1257 2977 1406 3059 opposito
1442 2976 1524 3037 duos
1559 2975 1683 3058 lapides

421 3103 556 3164 magnos
580 3083 720 3164 topasius
744 3083 1006 3164 preciosissimus.

526 3189 615 3266 ltem,
640 3189 727 3249 aliud
752 3189 933 3270 plenarium
959 3203 1015 3267 est,
1040 3190 1208 3250 continens
1224 3188 1408 3271 ymaginem
1434 3189 1525 3249 beate
1549 3187 1683 3268 virginis

421 3298 617 3374 deauratam,
642 3294 721 3356 facie
745 3308 911 3378 tamquam
928 3296 1068 3356 humana
1086 3309 1235 3378 aparente
1253 3314 1357 3373 carne,
1382 3295 1414 3355 in
1433 3294 1523 3356 cuius
1547 3293 1682 3355 circum·

421 3403 554 3465 ferentia
579 3415 625 3463 est
652 3406 739 3464 »Ave
765 3403 897 3479 Marias,
926 3402 1094 3483 disculpta.

527 3508 616 3587 ltem,
641 3523 687 3569 est
711 3508 799 3570 aliud
824 3508 1015 3590 plenarium,
1039 3508 1115 3570 satis
1143 3525 1308 3588 magnum,
1340 3506 1379 3568 de
1401 3525 1562 3568 marmore
1587 3507 1681 3568 viridi

421 3615 511 3677 mixti
536 3615 663 3694 coloris,
689 3629 820 3695 argento
846 3615 999 3676 deaurato
1025 3615 1276 3696 circumquaque
1301 3615 1497 3676 ordinatum.

526 3722 615 3799 Item,
640 3735 713 3782 sunt
737 3722 802 3782 duo
828 3722 971 3803 plenaria
996 3721 1146 3782 deaurata
1180 3723 1212 3783 in
1246 3721 1423 3802 quantitate
1449 3736 1480 3782 et
1503 3740 1601 3804 opere
1627 3741 1683 3804 per

421 3828 530 3888 omnia
556 3827 746 3904 consimilia,
770 3846 869 3888 unurn
895 3829 1080 3909 ymaginem
1095 3825 1246 3890 Crucifixi
1264 3841 1295 3889 et
1318 3827 1406 3888 aliud
1431 3826 1565 3908 figuram
1592 3829 1683 3890 beate

422 3934 554 4014 virginis
580 3934 611 3994 in
638 3933 745 3995 medio
771 3935 951 4011 continens,
968 3934 1113 4015 pluribus
1130 3934 1228 4016 perlis
1253 3933 1439 3994 decoratum
1465 3947 1495 3995 et
1511 3935 1683 4016 lapidibus.

529 4057 618 4134 ltem,
644 4076 744 4117 unum
763 4057 1044 4135 Benediccionale,
1070 4079 1106 4119 ex
1130 4077 1192 4118 una
1210 4073 1297 4140 parte
1322 4071 1455 4138 argento
1480 4073 1681 4141 coopertum,

421 4163 520 4245 figura
544 4163 643 4224 sancti
668 4163 751 4244 regis
776 4162 929 4243 Stephani
946 4163 1006 4223 sibi
1027 4164 1181 4245 inpressa,
1204 4163 1288 4226 inter
1303 4164 1456 4246 reliquias
1480 4165 1681 4247 deputatum.

527 4268 616 4347 Item,
641 4289 741 4329 unum
767 4269 900 4346 monile,
924 4289 1029 4330 naswa
1063 4271 1195 4349 dictum,
1228 4270 1307 4332 duas
1339 4269 1456 4352 figuras
1480 4271 1627 4334 leoninas
1650 4273 1706 4334 iu¹

421 4395 454 4437 se
479 4376 656 4452 continens,
681 4375 854 4456 lapidibus,
879 4376 952 4436 licet
977 4396 1042 4437 non
1069 4377 1220 4458 preciosis
1245 4378 1441 4442 decoratum.

528 4481 616 4560 ltem,
640 4483 800 4564 pectorale
827 4482 865 4542 de
894 4502 975 4564 puro
1009 4503 1098 4562 auro,
1130 4483 1252 4546 habens
1284 4485 1316 4545 in
1350 4504 1383 4546 se
1409 4533 1543 4548 .....
1570 4497 1601 4546 et
1626 4503 1682 4544 un-

422 4588 525 4648 decim
550 4588 655 4670 perlas
679 4603 709 4648 et
734 4608 830 4648 unam
856 4636 1023 4652 ......

528 4693 616 4773 ltem,
642 4715 704 4755 una
740 4695 848 4756 ladula
884 4696 923 4756 de
959 4697 1056 4756 ebore
1092 4716 1164 4757 cum
1197 4696 1352 4777 reliquiis.
1389 4696 1470 4758 Sunt
1495 4697 1595 4758 eciam
1620 4695 1682 4757 due

423 4799 546 4880 pixides
570 4800 609 4860 de
634 4803 731 4862 ebore
756 4799 848 4879 facte,
874 4800 1027 4862 habentes
1059 4823 1144 4863 seras
1177 4803 1267 4864 inse
1299 4802 1339 4863 de
1372 4821 1482 4883 cuprn,
1508 4802 1539 4862 in
1565 4802 1682 4884 quibus

423 4907 557 4986 reliquie
582 4921 820 4968 conservantur.

531 5098 538 5126 ¹
557 5095 683 5150 Primum
703 5095 804 5150 lolium
824 5096 915 5151 deest.
