3810 5806
353 531 410 613 138
880 535 1062 596 Inventas-ia.

436 745 512 806 ltem
539 765 639 807 unum
665 745 753 808 aliud
779 743 966 808 Pontificalc
991 745 1159 808 continens
1176 739 1285 808 eciam'
1303 746 1560 827 benedicciones,
1581 761 1613 810 et

347 848 460 933 incipit
484 870 556 913 cum
582 851 725 914 rubrica:
762 851 814 914 ›ln
848 866 987 934 quatuor
1017 853 1217 934 temporibus
1253 852 1329 914 durn
1364 853 1515 935 leguntur
1538 874 1611 936 pro·

346 957 493 1040 phecie«,
511 971 542 1020 et
559 959 590 1019 in
608 957 670 1020 fine
687 959 760 1020 libri
777 957 864 1020 finit:
884 974 1069 1040 »permanet
1083 960 1115 1020 in
1131 959 1239 1021 secula
1252 960 1445 1022 seculorum.
1466 964 1611 1036 Amen‹;

347 1065 385 1125 de
410 1064 521 1146 pulcra
546 1065 648 1127 litera.

780 1208 1176 1272 Benediccionalia.

452 1351 528 1412 ltern
564 1369 646 1410 unus
678 1350 758 1411 liber
789 1349 1057 1412 Benediccionale
1090 1350 1204 1428 dictus,
1237 1349 1358 1413 habens
1386 1350 1419 1411 in
1447 1349 1609 1432 principio

348 1457 494 1519 ordinem
514 1455 681 1538 quomodo
699 1457 868 1539 episcopus
890 1477 922 1518 se
939 1456 1066 1518 ordinet
1082 1456 1121 1519 ad
1141 1457 1280 1534 missam,
1306 1471 1336 1518 et
1360 1457 1391 1518 in
1417 1456 1480 1517 fine
1504 1456 1609 1538 prime

345 1564 461 1645 pagine
485 1562 616 1624 secundi
642 1561 711 1624 lolii
737 1561 823 1625 finit:
859 1582 937 1645 »pro
961 1563 1110 1646 peccatis,
1141 1561 1407 1640 offensionibus«,
1432 1576 1462 1624 et
1487 1562 1517 1622 in
1543 1559 1606 1623 fine

344 1669 416 1730 libri
442 1667 530 1730 linit:
558 1669 686 1732 ›sedem
708 1668 827 1731 habere
852 1687 916 1730 non
942 1669 1098 1751 possint«.

451 1775 529 1837 ltem
554 1794 655 1837 unum
679 1776 769 1838 aliud
793 1776 1062 1838 Benedictionale
1081 1777 1258 1859 repositum
1283 1792 1329 1840 est
1354 1779 1435 1839 inter
1459 1776 1610 1858 reliquias

346 1902 404 1964 pro
428 1882 585 1965 plenario,
610 1895 641 1944 et
665 1881 860 1964 descriptum
884 1902 978 1965 supra
1004 1883 1086 1944 inter
1118 1882 1268 1965 plenaria.

823 2095 985 2158 Bibilic
1017 2095 1131 2158 libri.

449 2237 558 2299 Pritno
582 2256 645 2298 una
669 2237 780 2320 pulcra
802 2253 832 2300 et
860 2237 1036 2320 solempnis
1060 2237 1188 2318 Bibilia,
1212 2257 1276 2320 que
1310 2235 1439 2319 incipit:
1476 2237 1606 2298 »Frater

344 2344 566 2424 Ambrosius«,
592 2343 677 2406 etin
704 2342 766 2405 fine
798 2344 901 2426 prime
933 2344 1050 2426 pagine
1074 2345 1206 2406 secundi
1239 2342 1309 2405 folii
1333 2340 1420 2404 finit:
1449 2362 1524 2424 aper
1547 2342 1601 2404 be·

343 2467 466 2511 remum
493 2449 732 2530 mansionum,
756 2463 787 2512 et
811 2451 844 2512 in
861 2449 924 2512 fine
948 2450 1022 2512 libri
1039 2450 1079 2511 de
1100 2449 1213 2512 eadem
1231 2451 1322 2512 litera
1347 2447 1433 2509 linit:
1462 2449 1606 2511 »domini

343 2555 443 2617 nostri
468 2555 560 2617 lhesu
585 2555 704 2618 Christi
730 2576 803 2617 cum
829 2557 980 2618 omnibus
1005 2557 1107 2619 nobis.
1142 2562 1257 2619 Amen.
1288 2555 1329 2617 Et
1352 2568 1399 2616 est
1423 2553 1494 2618 finis
1517 2559 1607 2638 Apo·

343 2661 405 2726 kall
431 2661 502 2722 sis«

409 2681 526 2830 pItem
551 2788 613 2830 una
639 2768 700 2829 alia
725 2787 821 2850 parva
847 2769 964 2830 Bibilia
985 2769 1165 2832 deminuta
1190 2771 1292 2847 litera,
1316 2768 1438 2831 habens
1462 2769 1495 2830 in
1518 2769 1605 2851 prin·

342 2873 427 2956 cipio
452 2887 552 2936 certas
575 2873 768 2953 divisiones,
800 2889 831 2936 et
869 2875 981 2956 incipit
1011 2895 1084 2937 cum
1116 2876 1259 2938 rubrica:
1295 2876 1430 2958 »lncipit
1462 2873 1604 2957 prefatio

342 2981 441 3042 sancti
467 2981 621 3043 Jeronimi
647 2981 846 3064 presbiteris,
872 2994 903 3042 et
927 2981 958 3042 in
984 2979 1046 3042 fine
1065 2983 1167 3063 prime
1188 2983 1362 3065 columpne
1385 2982 1517 3044 secundi
1534 2979 1604 3044 folii

342 3086 428 3149 linit:
467 3088 704 3150 »habitaculum
741 3087 920 3170 no(vum)«,
956 3104 986 3148 et
1022 3088 1053 3148 in
1092 3087 1154 3150 fine
1188 3089 1283 3150 habet
1318 3088 1604 3171 interpretacionea

343 3193 546 3256 Hebreorum
572 3193 767 3260 fabulorum.
796 3197 874 3272 (sic).

636 3389 759 3451 Liber
783 3389 1129 3451 Archidiaconus
1159 3388 1309 3450 dictus.

448 3531 525 3593 ltem
552 3549 634 3593 unus
657 3531 739 3592 liber
756 3529 1011 3591 Archidiaconus
1027 3529 1141 3608 dictus,
1158 3531 1212 3611 qui
1231 3529 1344 3611 incipit
1360 3549 1434 3590 cum
1458 3529 1605 3591 rubrica²

348 3636 480 3719 ›lncipit
503 3637 633 3698 libellus
663 3636 833 3718 pastoralis
865 3636 905 3696 de
937 3656 1012 3697 cura
1044 3651 1074 3698 et
1098 3634 1206 3698 officio
1238 3634 1489 3713 archidiaconi«,
1514 3651 1544 3696 ct
1569 3636 1602 3697 in

341 3742 404 3804 fine
427 3744 529 3826 prirne
554 3743 671 3825 pagine
695 3741 827 3804 secundi
851 3739 919 3804 folii
946 3741 1034 3804 finit:
1066 3757 1120 3803 »ut
1151 3761 1190 3802 eo
1215 3755 1402 3823 tanquam«,
1427 3741 1549 3803 babens
1573 3742 1606 3802 in

341 3849 404 3911 fine
428 3865 530 3912 certos
555 3869 729 3928 sermones,
755 3850 842 3912 etin
874 3847 937 3911 fine
966 3849 1039 3911 libri
1071 3847 1141 3911 finit
1172 3868 1246 3910 cum
1270 3849 1415 3910 rubrica:
1444 3847 1540 3910 ›ltem
1566 3848 1606 3908 de

340 3969 450 4018 sancto
474 3957 677 4020 Ambrosio«

448 4062 526 4124 ltem
550 4063 631 4124 liber
655 4063 819 4124 scolastice
845 4062 965 4140 lstoric,
991 4061 1030 4122 de
1056 4062 1248 4144 pulcerrima
1279 4062 1382 4140 litera,
1407 4062 1462 4144 qui
1488 4061 1602 4145 incipit

342 4187 414 4230 cum
440 4170 582 4232 rubrica:
612 4169 745 4252 »incipit
768 4169 922 4251 prologus
950 4167 1130 4250 epistolaris
1163 4169 1193 4228 in
1219 4169 1329 4229 istoria
1365 4169 1507 4249 magistri
1533 4167 1603 4247 Ρ.«,

339 4275 425 4338 etin
452 4274 513 4337 fine
539 4277 640 4356 prime
665 4277 780 4358 pagine
805 4274 937 4336 secundi
964 4272 1033 4335 lolii
1060 4273 1146 4335 finit:
1175 4288 1225 4334 ›et
1255 4273 1366 4335 Cretas
1391 4275 1532 4338 divisit«.

449 4381 527 4443 ltem
554 4403 635 4443 unus
658 4382 741 4442 alius
769 4381 850 4442 liber
882 4381 1047 4442 scolastice
1082 4379 1204 4458 lstorie,
1229 4379 1350 4440 habens
1381 4380 1413 4440 in
1445 4381 1605 4463 principio

340 4490 470 4551 arbores
494 4489 695 4550 continentes
720 4487 846 4548 istoriae
878 4486 1005 4564 Bibilie,
1030 4500 1076 4548 est
1109 4485 1148 4547 de
1180 4486 1272 4548 litera
1305 4485 1478 4564 mediocra,
1502 4499 1533 4547 et
1556 4485 1603 4546 iu-

340 4597 417 4678 cipit
440 4615 512 4657 cum
537 4596 681 4657 rubrica:
711 4593 844 4675 »Incipit
876 4593 1031 4674 prologus
1064 4593 1277 4675 epistolaris«,
1302 4607 1333 4654 et
1358 4593 1390 4654 in
1414 4591 1476 4654 fine
1500 4593 1603 4674 prime

340 4703 456 4786 pagine
480 4702 611 4764 secundi
644 4701 713 4764 lolii
747 4700 835 4762 finit:
871 4701 949 4760 >nisi
984 4699 1178 4778 Patilenosc,
1211 4713 1241 4760 et
1272 4699 1304 4760 in
1329 4697 1393 4760 fine
1416 4699 1489 4760 libri
1515 4697 1603 4761 finit:

343 4828 509 4890 ›sumpme
535 4811 618 4870 bone
644 4809 752 4870 deuse

447 4913 524 4975 ltem
549 4933 649 4974 unum
674 4933 807 4996 parvum
834 4912 986 4974 volumen
1011 4913 1051 4974 de
1075 4926 1163 4994 parte
1188 4911 1298 4974 lstorie
1322 4911 1497 4990 scolastice,
1522 4911 1600 4973 inci-

341 5020 431 5102 piens
454 5040 471 5080 a
496 5021 599 5101 primo
624 5021 747 5100 Regum
774 5033 804 5080 et
828 5019 957 5101 incipit:
985 5020 1156 5080 ›l‘ennena
1181 5031 1302 5080 etcum
1327 5016 1438 5079 debuit
1462 5017 1602 5096 dicere«,
