3804 5798
389 722 477 804 Item,
504 741 603 784 unum
628 722 716 783 aliud
744 720 1026 804 Antiphouarium,
1050 721 1139 803 quod
1156 721 1268 802 incipit
1295 719 1465 782 »Custodit
1488 721 1545 782 do-

284 831 422 908 minus«,
448 846 478 892 et
504 830 533 890 in
559 827 623 891 fine
646 829 748 911 prime
766 829 883 911 pagine
900 828 1030 890 secundi
1056 827 1125 890 lolii
1150 827 1219 890 fiuit
1240 827 1445 890 nannuntiate
1464 827 1544 889 illud

285 937 315 998 in
341 935 475 998 finibus«
504 950 534 998 et
557 934 627 998 finit
654 955 768 997 »omne
793 955 849 1018 per
869 955 997 1013 evumc,
1022 935 1142 997 habens
1160 935 1191 996 in
1215 933 1278 995 fine
1303 947 1386 996 certa
1411 935 1544 1013 cantica,

284 1043 404 1105 scilicet
429 1055 515 1107 nota.

390 1151 480 1230 ltem,
505 1170 605 1211 unum
631 1148 794 1214 Graduale
812 1168 943 1228 novum,
968 1149 1056 1231 quod
1074 1149 1185 1232 incipit
1214 1150 1333 1212 »Multe
1358 1149 1543 1211 tribulacio·

285 1278 372 1338 nes«,
398 1273 428 1322 et
451 1259 484 1320 in
510 1257 571 1320 fine
595 1258 697 1340 prime
722 1257 838 1340 pagine
870 1258 1003 1320 secundi
1039 1256 1107 1320 folii
1141 1257 1210 1320 finit
1238 1258 1393 1320 »salutare
1418 1271 1544 1334 tuum«,

284 1379 315 1427 et
340 1366 371 1426 in
396 1364 458 1428 fine
483 1365 556 1428 libri
582 1363 650 1426 finit
678 1365 869 1427 ›Jordane«.
1160 1354 1163 1362 ’

391 1471 481 1549 ltem,
505 1471 681 1534 secundum
708 1470 871 1532 Graduale
896 1471 1008 1552 incipit
1039 1471 1174 1532 »Missus
1193 1487 1271 1549 est«,
1296 1486 1327 1534 et
1352 1473 1383 1533 in
1411 1470 1474 1534 fine
1498 1493 1545 1535 se·

284 1578 379 1640 cundi
405 1576 473 1640 folii
499 1577 568 1639 finit
595 1598 714 1660 >prope
738 1591 816 1654 est«,
846 1590 876 1638 et
900 1579 931 1638 in
956 1576 1018 1639 fine
1044 1579 1115 1640 libri
1141 1578 1236 1640 habet
1260 1579 1384 1660 aliquas
1408 1599 1543 1660 sequen·

284 1687 342 1747 tias
365 1684 489 1746 additas
511 1685 550 1745 de
576 1685 689 1746 diebus
714 1685 895 1764 dominicis,
919 1699 950 1746 et
975 1685 1014 1746 de
1038 1699 1147 1746 sancto
1174 1685 1334 1764 Ladislao,
1360 1685 1453 1748 etde
1479 1686 1542 1746 Na·

283 1793 405 1854 tivitate
430 1793 521 1854 beate
546 1792 688 1872 virginis.

391 1899 479 1976 ltem,
503 1898 591 1960 aliud
618 1897 780 1960 Graduale
797 1899 884 1980 quod
904 1899 1016 1981 incipit
1034 1899 1180 1960 similiter
1202 1900 1336 1960 »Missus
1354 1913 1432 1977 est«,
1458 1913 1488 1960 et
1513 1901 1543 1960 in

286 2004 348 2067 fine
374 2006 476 2088 prime
501 2005 617 2087 pagine
642 2005 773 2066 secundi
799 2004 866 2066 folii
889 2004 957 2066 finit
977 2005 1160 2087 »alleluja«,
1185 2006 1305 2068 habens
1329 2006 1361 2066 in
1387 2005 1447 2066 fine
1473 2005 1545 2068 libri

286 2111 493 2192 sequenciam
519 2111 557 2172 de
583 2125 692 2172 sancto
718 2111 866 2172 Emerico
891 2111 983 2173 duce.

389 2217 477 2298 ltem,
501 2217 588 2279 aliud
615 2217 776 2278 Graduale
801 2218 832 2278 in
869 2237 964 2299 parva
997 2217 1119 2297 forma,
1151 2219 1238 2300 quod
1274 2219 1385 2300 incipit
1413 2218 1544 2280 »Gloria

285 2325 384 2406 patri«
413 2339 443 2385 et
469 2325 501 2384 in
525 2321 588 2384 fine
613 2323 744 2384 secundi
770 2322 838 2384 lolii
872 2323 942 2385 finit
970 2325 1092 2407 »placet
1124 2326 1250 2403 nobis«,
1275 2326 1360 2386 etin
1385 2324 1448 2386 fine
1473 2325 1544 2386 libri

285 2431 461 2495 decadem
486 2431 592 2494 littera
616 2431 686 2492 finit
714 2431 880 2492 »conditor
905 2432 1059 2509 mundi‹;
1084 2447 1114 2494 et
1138 2431 1381 2514 superadditum
1410 2431 1542 2494 sGloria

286 2539 316 2599 in
343 2539 493 2600 excelsis«
525 2537 670 2600 ›Credo‹
699 2551 731 2600 et
758 2537 931 2599 »Sanctus«
959 2539 998 2600 de
1023 2539 1084 2600 alia
1110 2559 1217 2602 manu.

391 2646 480 2726 Item,
505 2666 606 2708 unum
631 2645 720 2707 aliud
737 2645 906 2726 antiquum
927 2645 1101 2724 Graduale,
1129 2645 1217 2728 quod
1244 2645 1274 2706 in
1301 2645 1402 2727 prima
1429 2644 1545 2726 pagina

284 2753 373 2814 tercii
398 2751 467 2814 folii
486 2753 517 2814 in
543 2753 651 2816 medio
677 2753 789 2835 incipit
815 2753 884 2814 »Ad
909 2767 939 2814 te
964 2753 1100 2831 levavit,
1119 2767 1149 2815 et
1166 2752 1197 2812 in
1223 2751 1285 2813 fine
1303 2752 1405 2833 prime
1429 2751 1545 2832 pagine

287 2859 390 2920 ultimi
416 2858 485 2920 folii
511 2859 579 2921 finit
606 2859 757 2921 »ludaica
783 2860 906 2939 virgo«.

392 2966 481 3045 ltem,
507 2965 668 3029 Graduale
694 2968 782 3049 parvi
808 2967 993 3045 voluminis,
1023 2967 1191 3030 continens
1216 2967 1247 3027 in
1279 2985 1312 3026 se
1336 2964 1489 3046 epistolas
1515 2977 1545 3025 et

285 3073 460 3154 ewangelia
487 3088 611 3135 notatas
634 3093 707 3134 cum
732 3074 888 3156 scriptura
914 3075 1048 3136 minuta.

392 3182 481 3260 ltem,
507 3201 606 3242 unum
634 3181 796 3243 Graduale
821 3201 942 3242 novum
968 3183 1006 3242 de
1024 3181 1156 3263 pulchra
1181 3182 1283 3242 littera
1309 3195 1339 3242 et
1364 3195 1450 3260 nota,
1475 3181 1545 3262 pul·

286 3289 440 3350 cherrime
459 3289 678 3350 illuminatum
695 3307 769 3350 cum
786 3307 865 3350 auro
890 3303 920 3350 et
937 3289 1058 3350 lazorio
1076 3303 1106 3350 et
1134 3289 1204 3349 aliis
1229 3289 1402 3367 coloribus,
1427 3289 1548 3349 habens

287 3396 318 3456 iu
343 3396 502 3478 principio
522 3395 629 3478 »kyrie
647 3395 801 3458 eleison«.
820 3394 939 3457 Datum
960 3416 1016 3476 per
1033 3395 1154 3457 dictum
1171 3395 1339 3456 dominum
1366 3393 1545 3456 lohannem

285 3503 470 3585 episcopum
496 3502 700 3566 modernum.
961 3569 966 3578 ¹

390 3609 479 3688 Item,
496 3629 596 3670 unum
615 3609 799 3671 Lectionale
816 3610 923 3690 magni
941 3609 1126 3688 voluminis,
1141 3608 1350 3690 quodincipit
1370 3612 1416 3668 »A
1433 3607 1548 3670 diebus
1654 3659 1666 3680 ,

286 3715 459 3797 antiquis«,
485 3731 516 3776 et
540 3715 571 3776 in
597 3714 659 3777 fine
691 3715 793 3797 prime
826 3716 941 3797 pagine
974 3714 1106 3777 secundi
1140 3713 1209 3775 lolii
1234 3714 1303 3775 finit
1330 3714 1417 3776 »dies
1442 3713 1546 3792 furo«,

286 3836 317 3884 et
342 3823 373 3882 in
398 3821 461 3884 fine
477 3823 558 3884 libri
584 3819 654 3884 finit
678 3835 822 3904 »patrum
841 3838 1058 3885 nostrorum«.
1084 3824 1274 3884 Procuratus
1294 3842 1354 3906 per
1379 3823 1463 3883 bone
1481 3841 1545 3882 me·

285 3928 387 3990 morie
419 3928 588 3990 dominum
621 3929 799 3991 lohannem
832 3929 1094 3991 archidiaconum
1127 3929 1354 4007 dubicensem,
1387 3943 1482 4011 prout
1514 3929 1544 3989 in

286 4035 391 4117 quada
416 4035 540 4096 rubrica
566 4035 598 4096 in
623 4034 685 4096 fine
710 4036 854 4098 eiusdem
878 4036 951 4097 libri
979 4050 1119 4118 apparet.

392 4141 481 4220 ltem,
506 4161 606 4203 unum
623 4143 710 4204 aliud
726 4143 915 4204 Leccionale
932 4143 1088 4226 incipiens
1105 4142 1276 4204 »Adiebus
1293 4141 1451 4223 antiquis«
1473 4160 1545 4202 cum

287 4263 374 4328 nota,
399 4262 429 4309 et
454 4249 484 4309 in
510 4246 572 4310 fine
596 4249 735 4310 secunde
761 4250 877 4332 pagine
901 4249 996 4331 primi
1028 4249 1097 4311 folii
1129 4248 1198 4310 finit
1225 4249 1342 4310 »alieni
1367 4248 1540 4309 devorant«

286 4372 317 4418 et
342 4356 374 4416 in
399 4354 461 4416 fine
486 4355 559 4416 libri
584 4355 705 4418 habens
730 4356 767 4416 de
793 4375 939 4417 sermone
966 4356 1200 4418 Purificationis
1225 4357 1315 4417 beate
1335 4354 1475 4435 virginis.

392 4461 481 4540 ltem,
506 4482 606 4523 unum
618 4463 803 4524 Lectionale
820 4463 928 4544 magni
946 4463 1120 4524 voluminis
1138 4463 1177 4523 de
1195 4461 1292 4539 festis,
1318 4460 1406 4543 quod
1431 4461 1546 4541 incipit

287 4589 359 4630 curu
383 4569 509 4630 rubrica
537 4569 733 4630 »secundum
758 4569 971 4646 iohannem«,
997 4583 1027 4630 et
1052 4570 1083 4629 in
1116 4569 1209 4650 nigro
1237 4569 1290 4629 »ln
1315 4569 1371 4628 illo
1396 4581 1542 4648 tempore

179 4713 181 4716 -
287 4676 389 4736 stabat
412 4673 608 4752 Johannesc,
633 4689 663 4736 et
688 4676 720 4735 iu
746 4674 806 4736 fine
824 4675 926 4756 prime
944 4675 1059 4756 pagine
1077 4675 1210 4736 secundi
1228 4673 1297 4735 folii
1324 4672 1403 4752 finit,
1424 4675 1545 4734 »nubes

288 4781 428 4860 volant«,
454 4795 485 4842 et
509 4781 541 4841 in
565 4780 627 4842 fine
653 4781 724 4842 libri
751 4780 819 4842 finit
853 4780 927 4840 »sed
957 4793 1138 4861 peccatores
1163 4781 1201 4842 ad
1228 4781 1499 4862 poenitenciam«.

392 4888 480 4966 ltem,
495 4907 578 4950 unus
592 4888 673 4950 liber
691 4887 912 4950 Sermocinale
931 4888 1034 4950 dictus
1052 4891 1160 4970 magni
1178 4888 1363 4966 voluminis,
1389 4903 1420 4949 et
1436 4889 1547 4970 incipit

292 4995 453 5078 ,propicia
478 4995 677 5074 divinitate«,
714 4996 800 5055 etin
837 4993 899 5055 fine
935 4995 1037 5078 prime
1073 4995 1189 5076 pagine
1225 4994 1356 5056 secundi
1383 4993 1453 5055 folii
1478 4993 1547 5056 finit
