3842 5802
782 605 869 662 Anno
892 619 980 683 1477·
1474 626 1514 688 37

252 816 334 878 Petri
361 813 519 896 Hungari,
544 834 561 874 a
585 827 675 895 parte
700 813 860 893 orientali,
886 834 948 876 una
982 833 1054 876 curn
1080 815 1186 876 media
1211 829 1246 877 ut
1270 815 1387 878 dicitur
1411 816 1514 880 dietas

248 937 340 1000 terre,
364 921 496 983 honeste
521 918 646 1001 Agathe
670 920 811 982 consorti
833 919 996 982 Valentini
1024 921 1154 982 sartoris
1178 921 1344 1002 Pongracz
1369 942 1427 1004 pro
1452 943 1513 984 ser·

249 1029 338 1091 viciis
368 1027 433 1089 suis
457 1026 590 1088 donavit
619 1041 651 1088 et
681 1026 819 1108 legavit3
852 1027 903 1088 cui
928 1027 1001 1088 data
1034 1041 1080 1089 est
1104 1027 1195 1090 litera
1227 1048 1322 1110 super
1344 1030 1507 1111 premissis

251 1149 407 1220 perpetuo
431 1133 643 1216 possidendis.
1448 1213 1452 1224 ‚

353 1242 432 1304 ltem
456 1240 546 1322 quod
570 1240 646 1322 quia
671 1240 806 1322 provida
831 1239 963 1302 domina
981 1239 1083 1302 Elena
1107 1259 1239 1302 consors
1256 1241 1414 1322 legittima
1439 1262 1513 1304 con-

248 1349 320 1410 dam
347 1347 430 1410 Petri
463 1347 594 1408 sartoris
626 1345 764 1428 loripedi
798 1344 887 1408 dedit
912 1358 943 1406 et
974 1346 1158 1428 propinavit
1190 1347 1338 1409 Emerico
1372 1348 1514 1411 sellatori

247 1455 314 1516 filio
340 1454 460 1516 Matbie
485 1452 674 1536 Katbanycz
698 1451 785 1515 dicto
805 1452 970 1534 quandam
995 1453 1128 1514 domurn
1146 1471 1237 1515 suam
1262 1473 1335 1516 cum
1361 1453 1463 1517 fundo
1481 1469 1513 1517 et

247 1559 380 1622 edificiis
405 1561 486 1621 inter
511 1559 645 1620 domum
670 1571 700 1620 et
732 1557 870 1620 fundum
903 1559 1080 1620 liberorum
1112 1559 1251 1621 condam
1285 1558 1417 1642 Georgii
1450 1581 1513 1623 sar·

245 1667 324 1728 toris
347 1667 426 1728 olim
452 1664 578 1746 judicis,
603 1685 620 1726 a
645 1665 899 1747 septemtrionali
921 1679 1021 1747 parte,
1045 1685 1062 1726 a
1087 1665 1292 1728 meridionali
1316 1681 1405 1749 parte
1430 1667 1513 1729 inter

246 1770 382 1834 landum
408 1786 439 1833 et
463 1771 596 1832 domum
616 1770 735 1832 Matbie
752 1784 784 1832 et
808 1771 951 1833 Simonis
967 1785 1145 1848 sartorum;
1175 1771 1226 1834 cui
1251 1773 1323 1835 data
1348 1787 1395 1835 est
1419 1773 1510 1836 litera

246 1899 341 1960 super
364 1877 528 1960 premissis
551 1889 707 1959 perpetuo
733 1875 945 1960 possidendis.

352 1983 429 2045 ltem
456 1983 543 2065 quod
568 1984 644 2064 quia
669 1983 780 2046 Simon
805 1995 907 2046 sartor
924 1983 1161 2046 commissarius
1186 1999 1216 2046 et
1240 1998 1391 2046 executor
1414 1997 1508 2046 testa·

247 2091 346 2152 menti
371 2090 478 2172 scripti
497 2089 676 2152 Clementis
697 2091 827 2151 sartoris
844 2091 1008 2172 quandam
1025 2090 1153 2151 vineam
1171 2110 1243 2151 cum
1266 2090 1411 2172 virgultis
1428 2091 1510 2152 inter

248 2197 358 2258 vineas
382 2195 517 2278 provide
548 2196 693 2257 mulieris
725 2195 891 2258 Elizabetb
925 2209 1036 2258 vocate
1072 2193 1194 2278 Glazya
1225 2195 1336 2258 relicte
1369 2196 1509 2258 condam

249 2303 379 2365 Thome
403 2302 531 2381 sutoris,
555 2322 571 2362 a
596 2303 862 2385 septemtrionali,
887 2315 918 2363 et
941 2315 1066 2383 aparte
1092 2301 1296 2364 meridionali
1319 2303 1428 2364 relicte
1447 2303 1510 2364 Ka-

246 2410 370 2471 tberine
403 2409 540 2472 condam
579 2409 707 2470 Martini
744 2409 861 2470 sutoris
893 2423 924 2470 et
956 2428 1130 2492 puerorum
1167 2408 1330 2488 eiusdem,
1366 2409 1513 2472 vendidit

247 2514 412 2597 Stephano
435 2514 576 2575 sellatori
602 2513 727 2596 pridem
753 2513 857 2596 jurato
882 2533 939 2600 pro
963 2514 1075 2576 decem
1094 2513 1164 2577 flor.
1186 2515 1273 2592 auri3
1298 2515 1349 2576 cui
1375 2515 1447 2576 data
1465 2528 1512 2576 est

245 2621 339 2682 litera
363 2620 574 2702 privilegialis
596 2639 691 2702 super
715 2621 878 2703 premissis
902 2633 1057 2704 perpetuo
1082 2620 1298 2703 possidendis.

353 2743 431 2806 ltem
457 2743 545 2824 quod
579 2744 655 2825 quia
687 2745 804 2806 mulier
835 2745 1001 2806 Anestasia
1034 2745 1126 2807 aliter
1158 2746 1241 2807 Nesa
1265 2758 1377 2807 vocata
1402 2744 1513 2806 relicta

246 2850 383 2912 condam
409 2848 564 2911 lobannis
588 2851 706 2912 sutoris
737 2850 922 2933 propinavit
954 2864 985 2912 et
1009 2849 1097 2912 dedit
1121 2851 1229 2912 Blasio
1261 2851 1363 2913 sutori
1397 2851 1513 2912 marito

246 2976 305 3018 suo
329 2954 488 3036 legittimo
513 2957 676 3037 quandam
702 2955 836 3018 domum
860 2975 949 3018 suarn
968 2977 1040 3017 curn
1067 2955 1168 3018 fundo
1193 2957 1225 3018 in
1250 2957 1406 3018 suburbio
1430 2957 1513 3018 inter

247 3062 380 3123 domum
407 3075 437 3123 et
461 3059 598 3124 fundum
624 3061 753 3124 Tharne
771 3063 888 3124 sutoris
908 3062 1002 3144 jurati
1019 3062 1179 3140 moderni,
1203 3082 1220 3123 a
1244 3063 1511 3144 septemtrionali,

246 3189 282 3231 ac
306 3189 404 3252 penes
429 3168 564 3230 fluvium
589 3169 739 3231 metalem
773 3168 1014 3254 Medvednycza
1048 3183 1210 3248 vocatum,
1235 3171 1274 3231 ab
1298 3171 1432 3248 oriente,
1458 3169 1512 3230 de·

245 3295 341 3358 super
364 3275 512 3336 similiter
536 3297 552 3336 a
578 3276 628 3336 via
652 3295 709 3336 seu
734 3274 838 3358 platea
864 3275 1030 3337 communi
1056 3296 1072 3336 a
1098 3274 1302 3337 meridionali
1328 3288 1434 3357 parte3
1460 3277 1510 3337 cui

245 3382 318 3444 data
342 3397 388 3443 est
412 3382 503 3443 litera
528 3382 737 3464 privilegialis
760 3402 856 3465 super
880 3383 1043 3465 premissis
1067 3395 1224 3465 perpetuo
1249 3382 1465 3464 possidendis.

629 3628 789 3710 (Insertum
811 3633 854 3690 ad
873 3652 982 3690 annum
1008 3629 1117 3712 1484).

352 3794 447 3852 Anno
474 3791 605 3852 Domini
630 3791 804 3852 millesimo
829 3792 1147 3873 quadringentesimo
1176 3793 1415 3874 septuagesimo
1439 3813 1510 3874 sep-

244 3898 337 3960 timo.
362 3896 595 3979 Circumspecti
622 3897 746 3959 Blasius
766 3897 944 3976 Sclaunicz,
970 3897 1132 3960 lohannes
1165 3899 1274 3976 Pazar,
1299 3899 1441 3961 seniores
1465 3898 1512 3980 ju·

244 4003 343 4081 dices,
367 4023 404 4063 ac
428 4002 620 4064 Dominicus
645 4003 817 4082 Perowicz,
842 4005 949 4065 senior
974 4003 1104 4082 juratus,
1129 4005 1277 4065 concives
1302 4005 1412 4082 nostri,
1437 4025 1509 4066 exe-

244 4123 371 4171 cutores
395 4109 576 4170 testamenti
601 4109 709 4190 scripti
738 4109 876 4171 condam
908 4109 1063 4171 lobannis
1088 4111 1204 4172 Bolsalr
1235 4111 1370 4172 senioris
1394 4109 1509 4191 judicis

242 4229 275 4276 et
298 4215 439 4276 concivis
464 4216 574 4294 nostri,
595 4214 810 4276 vendiderunt
826 4216 999 4278 Valentino
1017 4215 1181 4294 frenatori,
1204 4217 1308 4298 jurato
1326 4231 1356 4278 et
1381 4217 1507 4278 concivi

246 4336 357 4383 nostro
374 4321 538 4402 quandam
563 4321 716 4403 (vineam)
733 4337 787 4383 aut
804 4323 883 4384 duas
900 4323 1069 4404 porciones
1086 4323 1227 4385 vineales
1244 4323 1340 4384 simul
1357 4323 1389 4383 in
1415 4342 1511 4384 unam

245 4427 434 4489 coniunctas
458 4427 556 4508 ipsius
581 4427 718 4488 condam
733 4427 888 4489 lobannis
913 4429 1030 4490 Bolsalt
1051 4429 1083 4489 in
1108 4429 1269 4490 territorio
1293 4443 1403 4490 nostro
1429 4430 1509 4490 inter

244 4533 356 4594 vineas
381 4533 515 4614 provide
540 4532 772 4595 domineNesa
795 4549 905 4596 vocate
938 4533 1002 4596 filie
1036 4535 1174 4596 condam
1202 4535 1375 4616 Augustini
1401 4535 1509 4595 Kusne

243 4640 477 4722 cognominati,
502 4659 561 4722 pro
585 4659 671 4701 nunc
700 4641 857 4702 consortis
891 4642 1016 4703 Nicolai
1043 4641 1199 4704 Horwatb
1232 4641 1375 4703 concivis
1399 4641 1512 4719 nostri,

242 4767 259 4809 a
285 4761 375 4829 parte
399 4747 551 4808 videlicet
582 4747 857 4829 septemtrionali,
889 4769 905 4809 a
940 4762 1028 4830 parte
1053 4761 1160 4809 autem
1195 4749 1293 4810 altera
1318 4747 1433 4830 prefati
1458 4747 1511 4806 lo-

242 4854 360 4915 bannis
384 4854 513 4932 Bolsalr,
538 4854 675 4936 desuper
700 4875 717 4914 a
742 4855 793 4916 via
828 4855 1004 4932 communi,
1036 4855 1133 4915 simul
1165 4873 1239 4916 cum
1263 4853 1404 4936 quadam
1428 4868 1511 4914 terra

242 4961 357 5022 arabili
382 4961 442 5043 ipsi
467 4961 560 5022 vinee
585 4959 773 5041 subjacenti,
800 4960 880 5022 infra
911 4981 1013 5042 usque
1046 4961 1215 5022 decursum
1240 4981 1323 5042 aque
1348 4960 1509 5042 pluvialis,

244 5087 308 5138 una
333 5086 406 5136 cum
431 5067 574 5158 virgulto
599 5067 658 5135 sibi
683 5067 860 5154 subjacenti
886 5081 917 5136 et
946 5067 1079 5136 ulterius
1114 5087 1215 5154 usque
1240 5067 1320 5133 vites
1344 5067 1438 5132 etad
1463 5086 1510 5132 ar-
