3842 5802
523 1617 653 1718 (Anno
680 1614 838 1704 Domini
865 1610 1240 1713 nocoonntvttn.

780 1869 826 1945 (2.
861 1864 987 1934 martii).

363 2046 431 2107 Nos
464 2045 679 2106 communitas
719 2043 837 2104 civium
878 2041 1014 2104 civitatis
1046 2042 1336 2123 Montisgrecensis.
1361 2043 1518 2104 Memoris

251 2151 521 2213 commendamus
544 2165 657 2212 tenore
681 2150 884 2232 presencium
912 2147 1128 2230 significantes
1152 2148 1270 2229 quibus
1295 2149 1424 2230 expedit
1448 2149 1518 2210 uni·

252 2259 363 2321 versis.
388 2257 488 2331 Quod
513 2258 588 2338 quia
621 2256 756 2339 provida
787 2256 904 2317 mulier
936 2255 1073 2316 condam
1107 2254 1273 2316 Elizabeth
1306 2267 1429 2332 vocata,
1453 2255 1518 2316 alio

253 2366 387 2427 nomine
412 2363 524 2427 Glazia
550 2364 789 2446 cognominata,
821 2363 931 2424 relicta
957 2362 1015 2422 viri
1040 2361 1187 2422 similiter
1219 2360 1346 2443 providi
1379 2360 1517 2422 condam

253 2472 385 2534 Thorne
409 2471 535 2552 sutoris,
560 2471 639 2532 olim
664 2470 805 2532 concivis
837 2471 947 2548 nostri,
971 2468 1083 2530 divino
1114 2481 1194 2529 nutu
1218 2469 1338 2548 absque
1362 2467 1517 2528 heredum

252 2579 375 2641 solacio
399 2599 435 2640 ac
452 2579 597 2640 intestata
615 2577 654 2638 de
679 2575 737 2638 hac
761 2577 833 2638 luce
858 2576 1036 2638 dinoscitur
1059 2575 1241 2653 decessisse,
1266 2574 1396 2656 etquis
1420 2594 1469 2636 res
1487 2587 1518 2636 et

253 2686 340 2746 bona
366 2684 499 2745 mobilia
524 2699 555 2746 et
579 2683 759 2745 immobilia
784 2684 900 2765 quovis
929 2683 1069 2745 nominis
1101 2681 1261 2744 vocabulo
1285 2681 1423 2742 vocitata
1449 2682 1518 2742 uni·

253 2811 420 2853 versorum
446 2791 627 2852 concivium
645 2803 827 2851 nostrorum
845 2789 952 2851 taliter
975 2787 1126 2850 videlicet
1150 2789 1270 2869 absque
1295 2786 1450 2848 heredum
1468 2807 1517 2849 so·

253 2897 340 2960 lacio
365 2911 395 2958 et
418 2897 485 2958 sine
510 2897 724 2958 testamentali
741 2895 959 2978 disposicione
976 2895 1219 2972 decedencium,
1237 2893 1323 2974 juxta
1347 2893 1515 2976 privilegia

254 3026 270 3065 a
290 3004 373 3065 divis
389 3005 518 3084 regibus
535 3003 700 3084 Hungarie
719 3017 777 3068 etc.
803 3003 926 3064 dudum
945 3002 1038 3063 nobis
1061 3021 1097 3062 ac
1124 3000 1246 3062 civibus
1271 2998 1430 3080 (civitatis)
1448 3018 1518 3080 pre·

256 3109 320 3172 fate
338 3129 487 3171 concessa
510 3123 540 3170 et
557 3109 761 3171 laudabiliter
786 3108 953 3190 hucusque
977 3121 1063 3170 tenta
1081 3121 1112 3170 et
1128 3119 1324 3184 conservata,
1341 3105 1446 3168 taliter
1472 3105 1518 3166 di-

256 3229 433 3278 noscuntur
449 3215 590 3277 ordinari
607 3230 638 3276 et
654 3215 782 3297 disponi
800 3235 835 3276 ac
860 3214 1048 3296 dispensari,
1072 3213 1160 3295 quod
1179 3213 1242 3274 due
1265 3225 1371 3295 partes
1396 3213 1519 3293 integre

257 3323 404 3384 omnium
421 3321 533 3383 talium
558 3341 664 3384 rerum
690 3321 860 3382 mobilium
879 3335 909 3382 et
932 3321 1150 3382 immobilium
1169 3319 1284 3396 taliter,
1317 3319 1362 3381 uti
1388 3319 1515 3396 dicitur,

257 3429 486 3490 decedencium
518 3448 554 3488 ac
578 3427 619 3489 de
651 3427 709 3489 hac
735 3427 805 3490 luce
830 3427 1043 3509 migranciom
1070 3427 1111 3488 ad
1135 3427 1205 3508 pios
1237 3445 1312 3486 usus
1337 3443 1515 3506 pauperum

257 3550 288 3598 et
309 3553 484 3616 egenorum
509 3554 544 3595 ac
569 3533 609 3596 ad
635 3531 769 3596 fabricas
793 3534 998 3596 ecclesiarum
1032 3547 1105 3594 sunt
1137 3551 1194 3614 per
1218 3550 1277 3592 nos
1301 3530 1463 3612 eroganda
1489 3543 1520 3592 et

258 3641 485 3724 dispensanda,
509 3641 605 3703 tercia
631 3659 706 3702 vero
723 3661 795 3722 pars
811 3641 925 3702 talium
942 3659 1048 3701 rerum
1073 3653 1180 3700 nostre
1205 3638 1429 3700 communitati
1447 3639 1518 3700 usui

257 3747 513 3810 dinosciturlore
530 3747 766 3809 cedendaacad
778 3761 919 3808 nostram
937 3747 1203 3808 communitatem
1221 3745 1521 3822 condescendendo,

258 3855 344 3917 unde
369 3875 428 3916 nos
452 3867 578 3916 maturo
603 3873 699 3935 super
722 3852 783 3914 hiis
808 3853 944 3915 consilio
976 3852 1145 3934 prehabito
1170 3853 1255 3913 iuxta
1281 3864 1430 3912 contenta
1455 3850 1520 3910 dic·

257 3975 364 4023 torum
383 3973 565 4022 nostrorum
591 3959 834 4041 privilegiorum
860 3972 891 4022 et
907 3958 1177 4020 consvetudinum
1196 3959 1235 4020 ab
1258 3958 1393 4038 antiquo
1410 3956 1521 4017 lauda·

257 4067 365 4129 biliter
389 4087 445 4148 per
469 4067 709 4149 predecessores
727 4079 852 4128 nostros
869 4079 900 4127 et
922 4085 980 4126 nos
1004 4066 1258 4142 observatorum,
1283 4063 1377 4124 civile
1401 4075 1432 4123 et
1449 4060 1521 4122 lun-

256 4175 347 4252 dum,
379 4193 504 4236 necnon
538 4175 659 4235 curiam
693 4187 724 4235 et
756 4173 870 4234 domos
904 4192 976 4234 cum
1010 4172 1128 4234 celario
1160 4173 1367 4232 subterraneo
1400 4169 1522 4230 ibidem

257 4280 369 4341 habito
393 4279 491 4340 simul
514 4299 587 4341 cum
613 4281 784 4342 medietate
819 4281 955 4342 cisterne
987 4293 1017 4341 et
1045 4279 1109 4340 loci
1142 4277 1310 4339 necessarii
1333 4295 1391 4339 seu
1414 4276 1522 4337 cloace

259 4388 290 4448 in
318 4385 419 4448 fundo
444 4387 503 4447 viri
528 4386 677 4448 similiter
700 4386 828 4469 providi
853 4386 1008 4448 Demetrii
1041 4385 1170 4447 sartoris
1201 4383 1299 4444 vicini
1324 4383 1372 4444 sui
1397 4383 1522 4444 habito·

258 4513 342 4572 rum,
367 4493 511 4555 eiusdem
548 4493 685 4554 condam
722 4493 891 4555 Elizabeth
928 4493 1040 4555 Glazia
1073 4505 1204 4570 vocate,
1239 4510 1302 4572 que
1340 4503 1373 4552 ut
1407 4490 1523 4551 dicitur

258 4601 381 4680 absque
405 4599 560 4661 heredum
585 4599 707 4660 solacio
732 4612 763 4660 et
787 4599 933 4660 intestata
960 4599 999 4660 de
1033 4598 1091 4659 hac
1118 4599 1188 4660 luce
1214 4597 1391 4658 dinoscitur
1415 4596 1522 4658 deces-

259 4707 335 4766 sisse
361 4707 392 4767 in
419 4706 502 4768 dicta
527 4719 634 4767 nostra
651 4706 777 4768 civitate
797 4705 915 4785 habita,
940 4726 958 4767 a
982 4720 1070 4787 parte
1087 4705 1238 4766 videlicet
1260 4703 1408 4765 orientali
1425 4721 1523 4784 penes

260 4813 344 4874 viam
374 4813 548 4895 publicam,
573 4833 635 4895 qua
660 4813 723 4874 itur
748 4813 787 4875 de
812 4827 912 4875 teatro
936 4833 1046 4874 versus
1070 4831 1202 4894 parvam
1227 4824 1351 4892 portam
1377 4807 1522 4871 eiusdem

261 4920 408 4998 civitatis,
432 4939 450 4982 a
475 4934 563 5002 parte
587 4940 663 4982 vero
689 4919 893 4982 meridionali
919 4939 1017 5002 penes
1041 4918 1178 4981 fundum
1202 4937 1258 4978 seu
1282 4917 1374 4978 civile
1399 4916 1458 4976 viri
1482 4915 1522 4976 si-

262 5026 381 5093 militer
408 5027 534 5116 providi
561 5027 715 5094 Demetrii
738 5028 867 5096 sartoris
884 5027 1068 5112 supradicti,
1085 5025 1232 5092 similiter
1256 5023 1398 5090 concivis
1414 5022 1524 5102 nostri,
