3840 5800
826 547 976 610 Rationes.
1460 565 1518 625 321

363 757 442 822 Item
467 757 545 821 Ieria
567 773 655 820 sexta
672 773 746 821 ante
771 757 887 821 lestum
906 735 991 822 beati
1010 759 1165 823 Demetrii
1191 761 1329 823 martisia
1353 760 1525 823 debuImus

261 865 387 928 mittere
411 865 494 928 duos
516 885 554 927 ex
578 862 728 928 fratribus
753 866 868 927 nostris
893 865 1094 946 Strigonium
1118 867 1158 927 ad
1184 867 1321 948 primam
1347 866 1432 928 diem
1457 867 1524 928 No·

261 973 401 1033 vembris
425 972 465 1033 ad
497 971 681 1050 terminum,
714 973 769 1032 ubi
804 972 938 1054 expositi
972 986 1046 1035 sunt
1078 993 1151 1034 cum
1184 973 1337 1034 omnibus
1360 973 1431 1036 flor.
1455 971 1525 1040 XX.

262 1077 369 1139 minus
392 1077 465 1140 den.
489 1075 557 1156 XL,
582 1091 613 1139 et
637 1076 698 1138 hoc
723 1096 824 1159 usque
856 1076 969 1140 leriam
1001 1079 1176 1140 secundam
1202 1093 1273 1162 post
1296 1077 1412 1140 festum
1439 1080 1524 1141 beati

262 1184 391 1246 Andree
416 1184 565 1267 apostoli.

367 1289 443 1354 Item
469 1291 509 1354 ad
534 1290 767 1374 compulsorias
790 1291 958 1353 reverendi
983 1292 1108 1354 domIni
1133 1292 1312 1374 traditoris,
1335 1293 1444 1355 literas
1469 1293 1525 1355 do-

263 1399 343 1460 mini
368 1397 571 1481 Capitulares
597 1398 802 1460 extraderunt
838 1413 949 1478 certas,
984 1400 1039 1461 ubi
1064 1401 1200 1462 domiuo
1232 1400 1356 1461 custodi
1381 1401 1526 1462 eiusdem

264 1505 407 1589 Capituli
433 1524 491 1587 pro
508 1492 607 1566 literis
624 1505 856 1586 investigandis
873 1525 929 1567 seu
947 1506 1150 1567 inveniendis
1167 1506 1259 1568 datus
1276 1520 1322 1567 est
1339 1553 1346 1567 .
1365 1555 1372 1568 .
1392 1555 1398 1568 .
1416 1506 1488 1570 flor.
1505 1505 1526 1570 1.

368 1609 447 1675 Item
471 1630 529 1693 pro
553 1610 626 1672 aliis
649 1610 751 1673 literis
775 1611 815 1673 de
832 1613 973 1695 antiquis
996 1613 1086 1674 libris
1109 1611 1199 1676 factis
1216 1632 1272 1696 per
1297 1613 1448 1674 domiuos
1466 1612 1527 1676 Ca·

264 1718 417 1802 pitulares
433 1719 491 1779 sub
509 1717 616 1806 sigillo
634 1718 796 1780 autentico
814 1718 845 1780 in
863 1739 957 1782 causa
975 1719 1043 1802 ipsa
1068 1734 1138 1799 etc„
1157 1720 1222 1782 dati
1239 1733 1338 1782 sunt.
1359 1769 1365 1781 .
1384 1767 1391 1783 .
1410 1720 1480 1784 flor.
1493 1719 1528 1784 II.

369 1823 447 1888 Item
472 1843 530 1906 pro
555 1823 711 1906 scriptura
737 1825 923 1887 earumdem
941 1826 1106 1888 literarum
1124 1827 1259 1888 domino
1284 1826 1411 1888 notarIo
1436 1827 1529 1888 datus

267 1945 385 1995 est...
414 1930 483 1993 flor.
511 1929 560 2012 Ἀ.

373 2039 451 2100 Item
476 2038 584 2100 eundo
610 2036 784 2100 Chasmam
810 2037 876 2099 duo
897 2037 1009 2100 iratres
1033 2052 1065 2100 et
1088 2038 1255 2100 redeundo
1280 2058 1338 2120 pro
1362 2038 1463 2100 literis
1487 2037 1528 2100 ci·

267 2145 391 2207 tatoriis
415 2143 556 2207 Chasme
581 2165 597 2204 a
623 2143 764 2205 domInis
788 2143 948 2224 judicibus
968 2143 1159 2226 delegatisa
1183 2145 1259 2206 sede
1284 2145 1459 2226 apostolica
1478 2164 1529 2204 ex-

267 2252 362 2335 positi
388 2265 461 2313 sunt
485 2250 554 2315 flor.
576 2248 635 2329 III.‚
660 2269 733 2312 cum
758 2251 911 2312 omnibus
934 2264 964 2312 et
988 2250 1124 2332 singulis
1148 2251 1319 2332 deputatis.

374 2358 450 2420 Item
476 2359 622 2420 misimus
638 2359 678 2419 ad
696 2357 895 2438 Strigonium
921 2376 1020 2418 unum
1037 2353 1167 2419 fratrem
1185 2371 1328 2418 nostrum
1347 2375 1418 2418 cum
1438 2375 1523 2436 equo

268 2465 449 2527 inhibentes
462 2465 600 2528 auditori
616 2484 721 2542 cause,
733 2465 765 2525 ln
777 2465 867 2526 cuius
879 2464 1047 2544 legacione
1060 2463 1195 2545 expositi
1213 2477 1305 2525 sunt.
1323 2512 1330 2526 .
1348 2511 1354 2526 .
1371 2462 1439 2527 flor.
1451 2460 1519 2525 VIII

375 2573 451 2634 Item
478 2572 641 2634 executori
665 2571 857 2634 ibidem...
889 2569 955 2636 flor.
982 2569 1003 2635 1.

374 2677 451 2741 Item
478 2677 603 2739 notario
627 2676 750 2738 ibidem
775 2696 833 2758 pro
858 2677 959 2739 literis
976 2675 1170 2737 inhibitoriis
1195 2695 1250 2736 seu
1269 2676 1460 2737 remissoriis
1477 2690 1532 2737 aut

271 2787 483 2848 Instrumento
507 2784 639 2868 publico
665 2803 727 2845 una
752 2803 825 2845 curn
850 2783 1008 2845 relatoriis
1029 2783 1094 2844 dati
1119 2797 1192 2844 sunt
1209 2831 1216 2844 .
1233 2831 1264 2846 ..
1289 2783 1356 2846 flor.
1381 2783 1445 2865 172.

374 2890 452 2956 Item
478 2892 509 2952 In
535 2891 638 2965 prima
669 2891 825 2952 Instancia
857 2889 1032 2952 Chasmam
1064 2889 1172 2950 eundo
1204 2889 1244 2950 ad
1269 2869 1442 2951 termidum
1467 2889 1532 2950 duo

272 3021 309 3062 ex
334 2998 483 3061 fratribus
514 3016 569 3079 per
600 3017 654 3058 sex
685 2997 753 3058 dies
784 2996 917 3079 expositi
950 3009 1024 3056 sunt
1055 2995 1122 3058 flor.
1154 2992 1217 3073 lII.,
1250 3014 1314 3056 una
1340 3014 1413 3057 curn
1438 2995 1532 3078 equis

272 3105 545 3189 appreciantibus.

376 3209 454 3274 Item
479 3211 606 3272 duobus
629 3209 913 3292 procuratoribus.
933 3257 962 3270 ..
988 3208 1057 3272 flor.
1075 3257 1080 3270 .
1101 3257 1132 3271 ..

377 3316 456 3381 Item
480 3336 538 3398 pro
563 3316 659 3398 pariis
683 3315 914 3397 excepcionum
939 3315 1123 3376 oblatorum
1149 3335 1205 3397 per
1229 3316 1268 3379 R.
1291 3315 1418 3378 notario
1442 3315 1535 3377 datus

274 3423 342 3489 flor.
368 3423 417 3508 Ἲς.

380 3529 457 3593 Item
483 3527 562 3591 feria
586 3535 683 3591 tercia
711 3542 785 3590 ante
817 3526 934 3589 festum
959 3528 988 3590 b.
1020 3527 1176 3589 Anthonii
1199 3527 1333 3589 Abbatis
1358 3541 1389 3589 et
1413 3524 1535 3589 confes·

276 3638 357 3699 soris
381 3637 421 3698 ad
446 3636 620 3699 terminum
646 3635 786 3697 secunde
811 3633 976 3712 Instancie,
1000 3633 1041 3694 ad
1062 3647 1173 3695 contra
1198 3633 1422 3716 excipiendum
1448 3653 1536 3694 man-

277 3744 388 3805 datum
413 3742 682 3825 procuratorIum,
706 3741 771 3801 duo
796 3738 908 3801 fratres
933 3758 1090 3801 unacum
1115 3739 1206 3821 equis
1230 3751 1448 3820 exposuerunt
1470 3737 1538 3802 flor.

278 3849 326 3928 ΙΙΙ,
351 3849 458 3911 eundo
484 3863 515 3912 et
538 3847 705 3910 redeundo
729 3867 783 3908 sex
807 3846 930 3910 diebus.
973 3901 975 3904 .
1092 3833 1093 3836 ¹

381 3955 460 4019 Item
486 3955 544 4016 illo
568 3955 707 4016 termIno
724 3972 789 4015 non
808 3953 932 4034 excepit
956 3965 1067 4014 contra
1084 3951 1283 4031 mandatum,
1308 3951 1363 4013 sed
1388 3949 1539 4034 produxit

278 4062 434 4144 quasdam
458 4059 590 4124 frivolas
614 4061 823 4142 exceptiones
847 4073 957 4121 contra
974 4059 1076 4120 Breve
1100 4057 1314 4140 apostolicum
1340 4071 1371 4119 et
1394 4055 1539 4139 jurisdic-

279 4170 405 4233 cionem
430 4169 664 4251 delegatorum,
688 4188 745 4250 pro
763 4186 900 4249 quarum
923 4166 1020 4248 pariis
1037 4165 1162 4228 notario
1181 4164 1273 4226 datus
1298 4179 1367 4226 est.
1384 4213 1391 4226 .
1408 4213 1415 4227 .
1432 4163 1500 4226 flor.
1517 4161 1538 4226 I.
