3804 5798
765 563 947 625 Invenran‘a.
1444 563 1500 642 165

241 772 315 852 gine
340 773 473 834 secundi
498 771 567 834 lolii
593 771 662 834 finit
689 773 762 854 »qui
789 787 834 834 est
859 774 910 834 dei
936 774 1035 835 virtus
1067 787 1098 836 et
1125 775 1175 834 dei
1201 775 1388 856 sapientia«,
1414 791 1445 838 et
1470 777 1502 838 in

240 877 303 941 fine
327 879 398 941 libri
424 881 455 941 in
481 893 568 942 textu
591 878 699 941 finitur
726 880 940 963 »intempore
964 900 1033 944 suo.
1051 885 1189 958 Amen«,
1214 895 1244 942 et
1268 882 1299 942 in
1322 883 1412 962 glosa
1429 883 1502 945 finit

247 987 296 1048 »in
321 987 428 1050 secula
452 987 646 1051 seculorum.
670 991 807 1048 Amen«.

348 1095 438 1174 Item,
463 1095 678 1175 ewangelium
704 1094 790 1156 Luce
815 1113 887 1154 cum
913 1094 1014 1175 glosa,
1031 1108 1061 1155 et
1078 1095 1190 1175 incipit
1215 1095 1244 1155 in
1271 1110 1358 1156 textu
1386 1096 1500 1158 »Multi

241 1201 346 1263 conati
364 1214 438 1263 sunt
462 1201 643 1278 ordinare«,
668 1215 699 1262 et
723 1201 754 1261 in
780 1199 842 1262 fine
863 1201 935 1260 libri
953 1199 1022 1261 finit
1047 1200 1078 1260 in
1103 1215 1191 1262 textu
1211 1201 1371 1283 »Explicit
1395 1222 1500 1263 ewan-

240 1309 361 1389 gelium
386 1307 563 1369 secundum
589 1307 742 1369 Lucam«.

347 1415 435 1492 Item,
454 1414 660 1476 Ecclesiastes
675 1413 818 1493 glosatus
828 1415 866 1474 de
881 1413 993 1495 pulcro
1004 1412 1180 1490 volumine,
1198 1427 1228 1474 et
1239 1415 1349 1494 incipit
1368 1414 1491 1476 »Verba

242 1521 447 1582 Ecclesiastes
471 1519 528 1580 filii
553 1519 688 1598 David«,
714 1534 744 1580 et
769 1519 800 1579 in
826 1517 888 1580 fine
914 1519 1016 1600 prime
1034 1519 1149 1600 pagine
1174 1520 1306 1580 secundi
1332 1519 1401 1580 folii
1426 1519 1496 1582 finit

245 1630 296 1688 »in
331 1628 485 1710 scripture
521 1626 702 1709 potenciam
738 1625 971 1706 assignamus«,
1008 1639 1038 1711 et
1070 1626 1101 1685 in
1138 1623 1200 1686 fine
1234 1626 1306 1686 libri
1331 1625 1400 1687 finit
1427 1647 1502 1709 »per

240 1735 350 1796 omnia
374 1735 480 1796 secula
505 1733 698 1796 seculorum.
730 1739 866 1794 Amen«

344 1841 433 1917 Item,
451 1856 554 1902 textus
579 1839 848 1921 Paralipomenon
874 1853 905 1901 et
929 1859 1001 1900 curn
1020 1840 1112 1900 certis
1125 1840 1195 1901 aliis
1220 1840 1309 1900 libris
1334 1841 1445 1902 bibilie
1464 1841 1496 1901 in

241 1967 358 2029 magno
383 1947 560 2025 volumine,
585 1946 705 2007 habens
728 1947 791 2007 dua
816 1946 894 2008 lolia
919 1947 1022 2028 prima
1043 1963 1190 2028 corrupta
1217 1948 1246 2007 in
1275 1949 1445 2030 principio,
1470 1963 1500 2008 et

240 2054 272 2114 in
298 2054 456 2136 principio
481 2053 570 2114 tercii
594 2049 663 2114 lolii
690 2053 802 2134 incipit
830 2053 888 2114 »de
907 2051 1006 2113 Fadia
1025 2053 1085 2114 orti
1103 2068 1209 2130 sunt«,
1236 2068 1266 2114 et
1291 2055 1321 2114 in
1347 2053 1410 2115 fine
1427 2054 1499 2115 libri

240 2159 309 2222 finit
336 2161 511 2243 »permissu
536 2159 742 2222 Pharaonis«.

346 2267 435 2345 ltem,
460 2267 612 2349 parabole
638 2267 819 2328 Salamonis
855 2287 926 2327 curn
964 2267 1189 2349 coment(ari)o
1224 2289 1294 2347 suo,
1319 2269 1356 2330 'et
1389 2270 1500 2350 incipit

244 2375 384 2435 »Tribus
408 2375 595 2435 nominibus
618 2389 766 2436 vocaturn
800 2373 896 2436 luisse
922 2374 1162 2452 Salamonem«,
1194 2390 1224 2435 er
1249 2376 1280 2436 in
1306 2373 1369 2436 fine
1396 2377 1497 2457 prime

239 2481 354 2561 pagine
379 2480 511 2542 secundi
537 2479 605 2540 lolii
631 2477 699 2541 finit
727 2499 810 2540 »non
837 2480 926 2541 novit
952 2493 1107 2561 quanto«,
1133 2497 1163 2542 et
1187 2481 1219 2541 in
1244 2479 1307 2543 fine
1332 2482 1404 2543 libri
1430 2481 1499 2542 finit

242 2587 356 2648 »tellus
380 2601 426 2648 est
450 2585 558 2664 fracta,
583 2587 730 2667 peribit«.

345 2694 434 2772 Item,
457 2694 539 2754 liber
567 2693 621 2773 qui
656 2693 836 2774 appellatur
868 2693 1040 2754 concordia
1073 2693 1328 2775 ewangeliorum
1353 2695 1497 2776 Zakarye

238 2800 444 2882 Crisopolite‚
478 2813 508 2862 et
532 2800 644 2880 incipit
676 2800 707 2860 in
741 2813 828 2861 textu
856 2799 923 2860 »De
957 2801 1149 2862 excellencia
1181 2799 1384 2882 ewangelii«,
1409 2814 1440 2862 et
1465 2801 1495 2860 in

240 2907 302 2968 fine
325 2907 427 2988 prime
458 2907 574 2988 pagine
607 2905 740 2966 secundi
773 2904 842 2967 folii
878 2907 972 2987 »quia
997 2906 1100 2968 hostia
1137 2907 1290 2988 aquilla«,
1323 2921 1354 2968 et
1378 2908 1410 2968 in
1435 2906 1498 2968 fine

239 3013 310 3073 libri
336 3009 405 3074 finit
432 3011 510 3073 »bec
533 3033 549 3072 a
575 3011 711 3073 domino
733 3012 795 3073 deo
820 3013 989 3093 petenda«.

345 3119 434 3196 ltem,
458 3118 534 3179 certi
549 3118 621 3179 libri
647 3119 757 3180 bibilie
782 3118 821 3180 de
845 3119 978 3199 antiqua
1002 3119 1106 3181 littera
1131 3120 1162 3181 in
1188 3139 1306 3202 magno
1330 3121 1498 3183 volumine

239 3247 255 3286 a
282 3225 401 3286 Genesi
427 3245 528 3306 usque
553 3226 592 3286 ad
617 3225 735 3286 librum
761 3225 882 3304 Judith,
915 3241 945 3286 et
970 3227 1081 3310 incipit
1119 3228 1249 3289 »Frater
1275 3229 1497 3293 Ambrosius«.

345 3330 434 3408 ltem,
459 3331 540 3392 liber
563 3331 766 3413 Apocalipsis
789 3351 862 3392 cum
886 3333 986 3413 glosis
1009 3334 1074 3394 suis
1098 3334 1130 3394 in
1149 3353 1248 3415 parvo
1273 3334 1449 3414 volumine,
1467 3351 1498 3397 et

238 3438 348 3520 incipit
372 3438 562 3520 apocalipsis
587 3437 655 3500 »Ex
679 3439 778 3516 sola«,
804 3439 836 3500 in
862 3438 924 3502 fine
949 3439 1069 3501 habens
1093 3455 1216 3522 septem
1241 3441 1383 3524 psalmos
1400 3441 1488 3524 peni-

239 3545 393 3606 tenciales
414 3565 487 3606 cum
512 3545 619 3626 glosis.

343 3669 431 3748 ltem,
456 3689 538 3731 unus
561 3671 642 3731 liber
667 3671 838 3732 Moralium
865 3671 895 3732 in
922 3691 1040 3751 magno
1063 3673 1231 3734 volumine
1256 3673 1295 3734 de
1320 3673 1424 3734 littera
1441 3693 1494 3734 an·

239 3775 338 3855 tique,
363 3789 394 3837 et
417 3776 529 3858 incipit
554 3777 593 3837 de
618 3777 722 3838 littera
739 3777 778 3840 de
803 3779 927 3839 rubrica
946 3798 1018 3839 cum
1037 3779 1149 3841 litteris
1172 3781 1290 3860 grossis
1316 3781 1496 3842 »Reveren-

240 3883 373 3942 dissimo
398 3896 428 3943 et
451 3883 651 3945 sanctissimo
676 3883 762 3945 lratri
781 3885 929 3947 Leandro
951 3885 1176 3967 coepiscopo«,
1202 3901 1233 3948 et
1258 3887 1289 3948 in
1314 3885 1377 3948 fine
1395 3888 1496 3969 prime

239 3989 353 4069 pagine
377 3990 508 4050 secundi
533 3988 603 4051 folii
628 3989 697 4052 finit
724 4011 798 4072 »per
833 3993 1015 4054 testimonia
1048 3991 1087 4052 ad
1112 4012 1282 4072 summam,
1316 4006 1347 4055 et
1379 3995 1497 4076 quia«;

239 4095 407 4156 continens
431 4095 462 4156 in
487 4116 519 4156 se
545 4097 655 4158 decem
680 4111 711 4157 et
734 4111 808 4158 octo
833 4098 940 4176 libros,
973 4117 1045 4160 cum
1072 4118 1134 4159 una
1168 4113 1279 4179 quarta
1305 4099 1344 4161 de
1370 4100 1497 4162 decimo

238 4221 335 4264 nono.

344 4307 434 4386 Item,
459 4308 598 4370 secunda
624 4329 695 4390 pars
720 4309 903 4388 Moralium,
922 4323 952 4372 et
973 4311 1084 4394 incipit
1108 4331 1180 4372 curn
1199 4313 1291 4393 nigro
1319 4311 1497 4395 »Incipiunt

238 4413 375 4494 capitula
400 4414 473 4475 libri
498 4414 631 4492 XVlll«,
656 4431 686 4476 et
710 4416 742 4476 in
766 4413 829 4477 fine
843 4417 944 4497 prime
963 4417 1078 4498 pagine
1102 4417 1235 4480 secundi
1260 4416 1329 4480 folii
1354 4417 1423 4480 finit
1443 4420 1495 4482 »Si

238 4518 442 4582 iustificarem
469 4541 520 4582 me
544 4521 694 4603 volbis)«,
718 4537 749 4583 et
774 4523 806 4583 in
830 4521 893 4584 fine
918 4524 989 4584 libri
1008 4524 1046 4584 de
1065 4524 1176 4586 eadem
1202 4525 1305 4586 littera
1321 4523 1390 4586 finit
1419 4546 1495 4608 »pro

238 4645 288 4687 me
312 4625 459 4688 lacrimas
483 4628 533 4688 vel
557 4627 693 4690 reddit«.

343 4733 431 4812 ltem,
456 4734 537 4795 alius
561 4734 642 4796 liber
666 4737 868 4817 excepcionis
901 4736 1072 4797 moralium
1100 4738 1183 4798 beati
1210 4736 1495 4818 Gregorii,'edita-

238 4857 307 4899 rum
332 4861 349 4899 a
374 4839 516 4902 Valterio
541 4842 716 4904 venerabili
738 4845 863 4920 abbate,
889 4843 945 4924 qui
963 4842 1044 4902 liber
1061 4843 1172 4924 incipit
1193 4863 1211 4905 a
1236 4843 1406 4925 prohemio
1425 4866 1493 4909 mo·

238 4945 352 5007 ralium
377 4948 461 5009 beati
494 4947 653 5029 Gregorii,
686 4964 716 5010 et
752 4951 782 5010 in
808 4949 869 5010 fine
905 4949 976 5010 libri
1012 4947 1081 5010 finit
1113 4950 1194 5012 sicut
1218 4951 1352 5013 moralia
1378 4951 1495 5016 finiunt

240 5072 317 5134 »pro
342 5073 392 5114 me
418 5054 564 5116 lacrimas
586 5053 699 5117 ludit».
