3810 5806
422 515 483 578 104
951 497 1037 555 Anno
1059 493 1151 572 1518.

417 724 447 772 et
471 710 605 772 honesto
632 711 701 772 viro
727 711 836 772 Marco
861 710 1007 792 Posegay
1031 709 1150 770 seniori
1180 708 1279 790 judici
1304 722 1335 770 et
1359 709 1486 770 concivi
1512 724 1623 772 nostro
1648 729 1683 771 ac

416 837 473 900 per
498 837 571 880 eum
589 817 655 879 suis
673 816 846 878 heredibus
863 836 921 898 pro
939 814 1009 879 flor.
1027 815 1155 876 duobus
1172 815 1240 876 auri
1258 827 1289 876 et
1306 834 1362 897 per
1380 814 1519 876 eundem
1540 815 1683 876 Marcum

416 925 511 986 nobis
542 943 599 985 seu
631 923 856 985 communitati
890 935 996 984 nostre
1028 922 1124 1005 plene
1157 921 1239 983 datis
1271 935 1302 982 et
1339 917 1522 1004 persolutis,
1546 921 1684 984 liberum

417 1032 538 1112 absque
562 1031 652 1092 omni
676 1049 775 1092 censu
800 1044 909 1091 nostro
934 1029 1100 1090 communi
1118 1029 1158 1091 de
1182 1047 1248 1109 quo
1273 1028 1361 1110 prius
1385 1029 1620 1110 proveniebant
1645 1027 1685 1090 ad

418 1137 605 1199 comitatum
630 1150 777 1198 nostrum
804 1135 900 1196 solidi
929 1135 1044 1216 viginti
1077 1134 1233 1216 quinque,
1266 1133 1473 1196 vendidimus
1497 1151 1528 1196 et
1553 1135 1686 1217 inscrip-

417 1244 517 1305 simus
540 1243 609 1326 jure
633 1255 791 1325 perpetuo
816 1255 847 1302 et
879 1241 1151 1318 irrevocabiliter;
1187 1241 1239 1302 cui
1264 1241 1337 1303 data
1371 1255 1418 1302 est
1441 1241 1533 1303 litera
1557 1242 1685 1324 privile·

417 1349 521 1430 gialis.
547 1349 666 1411 Datum
692 1347 769 1410 feria
795 1349 906 1430 quinta
925 1347 1071 1430 proxima
1089 1360 1163 1409 ante
1187 1344 1304 1409 festum
1322 1347 1414 1409 beate
1439 1347 1540 1409 Elene
1565 1347 1685 1428 regine.

418 1461 514 1517 Anno
539 1455 671 1517 Domini
697 1454 873 1517 millesimo
898 1453 1159 1535 quingentesimo
1184 1452 1312 1514 decimo
1336 1464 1462 1516 octavo.

527 1562 624 1637 Quod
651 1562 725 1644 quia
751 1582 810 1623 nos
842 1559 1005 1642 quandam
1038 1560 1166 1620 vineam
1202 1559 1361 1620 desertam
1393 1558 1456 1640 jam
1488 1559 1629 1622 totaliter
1653 1559 1684 1620 in

419 1672 550 1731 rubetos
574 1668 748 1747 redactam,
772 1668 804 1728 in
827 1667 932 1750 llycza
957 1666 1112 1744 habitam,
1141 1665 1173 1726 in
1206 1666 1367 1727 territorio
1393 1679 1503 1727 nostro
1527 1684 1583 1728 seu
1607 1666 1684 1727 civi-

419 1776 492 1838 tatis
515 1773 637 1857 prefate
662 1775 744 1835 inter
768 1775 897 1834 vineam
922 1785 953 1834 et
980 1773 1116 1834 domum
1147 1771 1283 1854 provide
1308 1772 1453 1834 mulieris
1478 1773 1684 1834 Brozowicza

420 1883 515 1961 dicte,
539 1881 645 1943 incole
669 1895 700 1942 et
724 1879 955 1942 inhabitatricis
978 1878 1129 1940 territorii
1153 1878 1292 1940 civitatis
1316 1893 1434 1957 nostre,
1460 1899 1477 1940 a
1502 1894 1590 1959 parte
1615 1899 1684 1960 sep·

419 1987 616 2051 temtrionali
642 1986 696 2048 ubi
721 1985 841 2046 mediat
865 1984 1002 2067 desuper
1027 1986 1067 2046 ab
1100 1983 1293 2046 occidentali
1318 1999 1406 2066 parte
1432 1984 1597 2065 quoddam
1623 1983 1684 2044 los-

419 2106 522 2155 satum
548 2111 649 2174 prope
674 2091 837 2174 quandam
862 2091 947 2152 viam
969 2109 1176 2153 communem
1195 2103 1225 2152 et
1242 2090 1285 2150 ibi
1311 2103 1358 2151 est
1374 2109 1520 2171 quercus,
1545 2091 1585 2152 ab
1611 2090 1685 2153 inde

421 2201 501 2264 inira
526 2201 645 2262 directe
670 2199 816 2282 procedit
833 2199 865 2260 in
890 2199 1053 2280 quendam
1071 2199 1219 2259 arborem
1238 2198 1352 2276 cerusi,
1371 2198 1488 2259 deinde
1514 2195 1594 2258 infra
1613 2216 1684 2278 pto-

421 2307 504 2370 cedit
529 2307 648 2368 directe
671 2307 817 2388 pervenit
842 2305 881 2366 ad
899 2304 1033 2366 fluvium
1056 2305 1157 2388 llycza
1176 2304 1295 2366 dictum
1314 2323 1424 2366 versus
1441 2318 1564 2386 partem
1580 2305 1686 2365 orien-

418 2414 528 2493 talem,
552 2434 568 2475 a
594 2427 683 2495 parte
706 2431 782 2474 vero
808 2411 1012 2472 meridionali
1046 2412 1128 2472 inter
1160 2410 1309 2472 similiter
1343 2411 1470 2472 vineam
1497 2425 1528 2472 et
1551 2410 1684 2472 domurn

420 2519 548 2604 providi
574 2520 633 2580 viri
658 2518 787 2580 Thome
813 2517 984 2578 Tbercbak
1009 2517 1085 2578 dicti
1104 2517 1209 2578 incole
1234 2531 1265 2578 et
1290 2517 1512 2578 inhabitatoris
1536 2517 1686 2578 territorii

419 2627 555 2688 civitatis
581 2624 713 2706 prefate,
739 2625 792 2685 ubi
819 2624 920 2686 eciam
945 2624 1065 2685 mediat
1096 2625 1136 2685 ab
1161 2625 1228 2706 ipsa
1254 2637 1343 2706 parte
1378 2624 1572 2686 occidentali
1599 2624 1685 2684 simi·

420 2732 492 2794 liter
515 2731 681 2813 quoddam
707 2729 873 2808 fossatum,
901 2729 1016 2791 debinc
1041 2727 1121 2792 infra
1150 2731 1269 2792 directe
1294 2731 1325 2791 in
1352 2730 1508 2811 quasdam
1534 2729 1615 2790 duas
1639 2749 1686 2790 ar·

422 2841 516 2901 bores
541 2838 629 2920 pomi
663 2852 694 2899 et
726 2838 840 2915 cerusi,
877 2836 994 2898 deinde
1027 2837 1173 2918 pervenit
1206 2837 1237 2898 in
1270 2837 1404 2897 fluvium
1437 2837 1540 2919 llycza
1566 2836 1685 2898 dictum

422 2964 532 3006 versus
565 2944 682 3006 dictam
719 2957 841 3025 partem
878 2942 1087 3021 orientalem,
1120 2942 1260 3005 habitam
1294 2957 1325 3004 et
1355 2943 1555 3020 existentem,
1588 2940 1684 3002 simul

422 3071 495 3114 cum
519 3052 671 3112 omnibus
696 3051 839 3112 eiusdem
865 3050 957 3110 vinee
981 3048 1184 3128 utilitatibus,
1217 3049 1352 3130 juribus,
1377 3050 1497 3128 usibus,
1524 3049 1685 3129 iutegrita-

421 3158 507 3221 tibus
538 3172 570 3220 et
600 3157 805 3239 pertinenciis
838 3155 994 3218 universis
1026 3155 1163 3237 provido
1204 3157 1273 3217 viro
1307 3156 1446 3218 Martino
1479 3153 1688 3237 Dedkowych

424 3277 610 3345 nuncupato
635 3283 692 3346 pro
724 3262 794 3324 flor.
828 3282 893 3323 uno
926 3275 957 3324 et
987 3262 1100 3322 solidis
1132 3263 1366 3344 quinquaginta
1399 3275 1429 3324 et
1460 3281 1517 3344 per
1548 3261 1687 3322 eundem

423 3371 597 3432 Martinum
624 3369 717 3431 nobis
741 3388 797 3431 seu
830 3368 1053 3430 communitati
1086 3383 1193 3430 nostre
1227 3370 1321 3451 plene
1354 3368 1437 3429 datis
1461 3383 1492 3429 et
1516 3367 1687 3450 persolutis

424 3476 629 3538 vendidimus
653 3489 684 3536 et
708 3476 927 3558 inscripsimus
951 3474 1020 3556 jure
1037 3491 1212 3558 perpetuo;
1238 3477 1288 3537 cui
1308 3476 1379 3537 data
1406 3490 1453 3538 est
1476 3475 1567 3537 litera
1592 3475 1687 3556 privi-

426 3583 560 3665 legialis.
586 3582 703 3644 Datum
723 3583 755 3643 in
774 3581 916 3665 profesto
934 3580 1172 3664 Concepcionis
1197 3585 1289 3644 beate
1307 3582 1407 3643 Marie
1424 3581 1567 3663 virginis.
1592 3586 1687 3642 Anno

425 3689 557 3751 Domini
583 3689 757 3751 millesimo
783 3689 1044 3770 quingentesimo
1073 3689 1198 3752 decimo
1222 3689 1371 3770 septimo.
