3804 5798
815 524 998 582 [nomana.
1474 541 1530 604 ¹53

270 755 346 817 pore
371 735 653 820 quadragesimali,
679 738 719 798 de
743 736 818 798 albo
843 751 874 799 et
905 736 1058 798 celestino
1089 736 1207 798 colore.
1240 735 1359 798 Datum
1384 737 1533 799 similiter

270 841 500 922 pereundam.

376 947 463 1028 ltem,
489 969 571 1011 unus
595 970 720 1032 pannus
744 950 783 1012 de
812 950 937 1012 duabus
954 951 1052 1032 peciis
1076 950 1116 1010 de
1141 950 1280 1011 athlazio
1305 950 1448 1012 celestini
1474 969 1525 1012 co·

271 1054 360 1133 loris,
384 1055 472 1136 quod
489 1057 571 1118 solet
594 1057 671 1140 poni
697 1057 728 1118 in
745 1057 939 1118 Parasceven
959 1055 998 1117 ad
1016 1055 1221 1138 sepulchrum
1241 1056 1384 1136 Domini,
1409 1071 1439 1118 et
1457 1076 1526 1138 por·

271 1174 353 1222 tatur
378 1161 540 1223 interdum
565 1163 596 1222 in
615 1161 695 1224 festo
713 1163 857 1246 corporis
874 1162 993 1224 Christi
1010 1182 1068 1245 pro
1086 1163 1250 1244 papilione
1268 1163 1299 1223 in
1318 1163 1532 1244 processione.

377 1265 453 1329 ltem
479 1268 545 1330 duo
570 1271 725 1332 mensalia
751 1290 865 1352 magna
891 1284 922 1332 et
946 1269 1011 1330 duo
1045 1270 1243 1350 manutergia
1270 1272 1466 1332 communia.

376 1375 453 1436 Item
480 1395 580 1438 unum
605 1377 693 1439 aliud
712 1377 962 1458 manutergium,
984 1376 1072 1458 quod
1089 1377 1171 1437 solet
1188 1395 1283 1458 super
1307 1397 1423 1459 corpus
1441 1377 1533 1438 Inno-

271 1481 370 1542 centis
393 1483 483 1564 poni.

376 1587 454 1649 Item
479 1609 580 1652 unum
605 1588 800 1651 aurifrisium
825 1591 962 1671 longum
987 1604 1018 1652 et
1034 1590 1136 1652 latum
1150 1609 1222 1652 cum
1248 1609 1327 1652 auro
1352 1601 1533 1654 consutum.

377 1695 454 1756 ltem
480 1696 568 1757 aliud
594 1697 701 1758 minus
724 1710 755 1758 et
779 1697 960 1778 antiquum.

275 1888 482 1970 Sequitur
516 1891 805 1952 inventarium
838 1892 886 1952 de
918 1891 1039 1970 albis,
1071 1890 1366 1952 humeralibus
1390 1907 1430 1952 et
1454 1891 1534 1952 cin·

738 1999 854 2079 gulis
879 2014 918 2060 et
941 1999 1079 2061 stolis.

378 2138 467 2216 Item,
493 2139 621 2201 invente
646 2153 720 2201 sunt
743 2141 855 2221 viginti
880 2140 953 2201 albe
978 2140 1059 2200 inter
1079 2139 1263 2222 solempnes
1287 2154 1317 2201 et
1342 2140 1450 2200 minus
1474 2139 1535 2201 sol-

272 2244 428 2326 lempnes,
453 2265 511 2327 pro
536 2246 649 2308 maiori
675 2261 763 2328 parte
787 2247 827 2308 de
853 2249 937 2308 bona
962 2247 1035 2308 tela.

379 2349 467 2430 Item,
492 2352 603 2433 viginti
622 2352 776 2414 umeralia
793 2368 824 2414 et
843 2367 907 2414 tota
925 2353 1105 2435 solempnia
1127 2367 1158 2415 et
1182 2352 1379 2430 communia,
1397 2371 1535 2434 quorum

273 2477 372 2518 unum
398 2473 445 2519 est
475 2478 547 2519 cum
581 2459 678 2539 perlis
709 2472 893 2520 contextum
926 2459 958 2520 in
991 2477 1099 2540 panno
1131 2459 1244 2520 sericio
1278 2457 1382 2520 blavei
1408 2458 1536 2536 coloris,

272 2584 346 2626 curn
370 2566 513 2646 quinque
537 2565 700 2647 lapidibus
722 2565 832 2626 viridis
855 2565 983 2642 coloris,
1008 2565 1039 2626 in
1065 2585 1143 2626 auro
1168 2565 1284 2646 ligatis.

379 2671 468 2750 ltem,
493 2691 555 2733 una
580 2671 664 2750 alba,
689 2672 865 2750 humerale,
883 2671 1069 2753 manipulus
1085 2685 1116 2732 et
1132 2671 1214 2733 stola
1238 2671 1269 2732 in
1288 2669 1411 2753 capella
1429 2683 1536 2732 sancte

275 2778 451 2861 Elyzabeth
477 2778 622 2841 habetur.

379 2885 468 2964 ltem,
493 2885 580 2946 aliud
599 2885 742 2948 umerale
760 2904 832 2946 cum
850 2885 1025 2946 laminibus
1042 2884 1200 2965 argenteis
1217 2882 1376 2944 deauratis
1393 2897 1423 2944 et
1440 2883 1537 2965 perlis

273 2991 496 3052 minutissimis
519 3007 550 3053 et
574 2992 735 3074 lapidibus
764 2991 958 3072 quibusdam
990 2991 1023 3051 in
1054 3010 1162 3072 panno
1188 2991 1287 3051 rubeo
1311 2990 1425 3051 sericio
1458 3008 1534 3050 con·

273 3111 405 3160 textum.

381 3203 470 3283 ltem,
496 3225 595 3266 unum
614 3205 703 3266 aliud
721 3205 760 3266 de
778 3224 886 3287 panno
903 3204 1118 3285 damasquino
1135 3223 1233 3264 aureo
1251 3203 1282 3263 in
1297 3222 1411 3286 campo
1428 3204 1538 3266 rube0.

381 3309 469 3388 ltem,
495 3331 595 3373 unum
629 3311 717 3372 aliud
748 3312 787 3373 de
822 3311 931 3372 veluto
964 3308 1100 3390 figurato
1134 3329 1205 3371 cum
1231 3309 1344 3370 avibus
1368 3309 1473 3370 aureis
1505 3309 1536 3369 in

275 3435 389 3497 campo
415 3419 525 3495 rubeo,
551 3437 681 3478 novum.

381 3523 470 3601 ltem,
499 3524 588 3584 aliud
622 3524 661 3585 de
693 3523 853 3585 aurifrisio
881 3544 953 3584 cum
988 3523 1100 3584 ceteris
1125 3522 1345 3604 compassibus
1369 3521 1408 3582 de
1433 3521 1535 3582 serico

275 3630 365 3690 rubei
391 3645 421 3691 et
444 3631 556 3690 viridis
579 3630 705 3692 coloris.

381 3735 471 3814 Item,
503 3757 603 3798 unum
639 3737 725 3798 aliud
759 3736 798 3797 de
831 3756 938 3818 panno
971 3757 1069 3798 aureo
1102 3755 1175 3798 cnm
1207 3737 1300 3797 certis
1335 3736 1538 3820 ymaginibus

276 3843 407 3904 leonum
433 3857 463 3903 er
487 3843 675 3904 animalium
702 3843 732 3903 in
759 3863 873 3925 campo
899 3845 1022 3918 rubeo;
1047 3843 1109 3904 alia
1134 3863 1210 3903 vero
1235 3842 1431 3904 communia.

383 3950 472 4026 ltem,
498 3970 560 4010 una
577 3950 658 4010 stola
677 3949 856 4011 aurifrisata
870 3969 942 4011 cum
961 3950 1167 4032 ymaginibus
1183 3963 1366 4010 sanctorum
1392 3949 1431 4009 de
1449 3967 1538 4025 auro,

277 4055 307 4114 in
334 4073 472 4135 quorum
497 4055 743 4137 dyadematibus
767 4071 841 4117 snnt
858 4056 945 4137 perle
968 4071 998 4116 et
1023 4055 1121 4116 corali
1146 4056 1178 4116 in
1196 4075 1310 4136 campo
1336 4056 1447 4132 rubeo,
1464 4055 1537 4114 sub-

277 4161 370 4223 ducta
394 4161 433 4222 de
458 4162 594 4223 cendato
619 4163 723 4224 blavei
749 4163 866 4225 coloris
890 4165 1011 4244 absque
1040 4162 1208 4243 manipulo
1233 4162 1341 4224 simili.

383 4267 471 4346 ltem,
497 4287 560 4329 una
583 4270 664 4331 stola
691 4268 729 4330 de
755 4270 863 4330 veluto
892 4268 1028 4350 figurato
1061 4269 1100 4330 ad
1133 4288 1207 4329 aves
1231 4288 1343 4330 aureas
1367 4269 1398 4328 in
1424 4287 1537 4350 campo
1637 4287 1641 4303 ·

277 4374 376 4436 rubeo
401 4394 473 4435 cum
499 4375 659 4436 consimili
684 4376 863 4456 manipulO,
880 4376 1036 4437 subducta
1060 4394 1133 4436 cum
1158 4376 1294 4436 cendato
1319 4374 1424 4434 viridi.

382 4481 469 4560 ltem,
494 4501 557 4543 una
582 4482 643 4543 alia
668 4483 749 4543 stola
774 4483 813 4543 de
838 4503 945 4564 panno
967 4503 1065 4544 aureo
1090 4482 1303 4562 damasquino
1328 4501 1400 4542 cum
1426 4480 1538 4541 ceteris

277 4588 498 4668 compassibus
523 4589 554 4648 in
587 4609 694 4670 panno
727 4609 825 4650 aureo
857 4609 931 4650 cum
960 4590 1057 4651 simili
1090 4589 1260 4670 manipulo
1284 4588 1440 4648 subducta
1465 4607 1537 4648 cen·

278 4692 362 4754 dano
387 4693 492 4757 viridi.

383 4799 472 4877 ltem,
497 4801 560 4861 due
584 4802 664 4861 stole
690 4801 730 4862 de
755 4802 864 4862 veluto
888 4803 1005 4883 griseo,
1032 4803 1192 4864 subducto
1217 4803 1362 4863 cendano
1390 4801 1492 4861 viridi.

384 4908 473 4985 ltem,
496 4927 558 4968 una
583 4909 664 4969 stola
690 4909 728 4968 de
754 4929 862 4990 panno
890 4911 955 4970 sive
989 4913 1123 4970 camolia
1155 4911 1276 4971 sericeo
1302 4908 1394 4969 viridi
1421 4908 1538 4970 coloris

278 5033 349 5075 cum
375 5033 433 5074 suo
459 5013 636 5096 manipulo
662 5015 818 5077 subducta
844 5036 951 5102 panno
977 5018 1077 5080 rubeo
1106 5016 1173 5076 sine
1199 5016 1344 5082 cendato,
