3804 5798
810 607 994 670 Inventanir.
1469 627 1528 690 159

266 822 402 904 pinquat
426 821 631 904 redempcioc
658 833 689 883 et
713 819 745 880 in
769 817 832 881 fine
856 819 930 882 libri
945 863 948 874 .
963 819 1033 883 finit
1059 834 1109 883 »et
1140 822 1322 884 adorabunt
1345 820 1527 883 venientem

266 928 299 989 in
323 928 430 991 secula
454 927 670 990 seculorum«.

369 1035 459 1114 ltem,
483 1053 584 1097 unum
610 1032 738 1096 Missale
756 1051 829 1094 eum
855 1031 1043 1094 kalendario
1068 1046 1098 1095 et
1128 1031 1370 1096 Prelacionibus
1394 1036 1434 1097 ab
1452 1047 1525 1096 ante

268 1156 299 1204 et
323 1142 456 1206 Conone
469 1142 610 1204 totaliter
634 1160 707 1202 cum
733 1140 858 1202 rubrica
879 1135 1008 1222 scripto,
1027 1153 1057 1202 et
1075 1140 1187 1223 incipit
1209 1141 1277 1202 sine
1303 1141 1429 1202 rubrica
1457 1140 1527 1202 »Ad

264 1263 295 1310 te
319 1248 456 1328 levavit,
481 1247 568 1310 etin
592 1247 737 1330 margine
760 1245 892 1308 secundi
917 1244 987 1308 folii
1011 1243 1081 1308 finit
1108 1259 1158 1308 »et
1182 1245 1404 1328 magnifi...‹.

381 1355 473 1435 ltem,
491 1373 593 1418 uuum
610 1353 741 1416 Missale
758 1373 830 1416 cum
848 1353 1032 1416 calendario
1051 1367 1082 1416 et
1096 1353 1371 1436 Prephacionibus
1395 1356 1435 1417 ab
1453 1367 1526 1416 ante

265 1474 296 1524 et
319 1461 430 1546 incipit
453 1462 520 1524 sine
544 1461 670 1524 rubrica
698 1461 768 1522 »Ad
784 1473 815 1523 te
840 1460 977 1538 levavi«,
1002 1474 1033 1522 et
1050 1461 1082 1522 in
1100 1458 1163 1522 fine
1187 1461 1282 1543 primi
1308 1461 1462 1542 marginis
1478 1481 1527 1522 se·

265 1567 361 1630 cundi
385 1567 456 1630 lolii
480 1567 550 1631 finit
577 1567 703 1630 »claudi
728 1567 928 1645 ambulant«,
953 1581 984 1629 et
1017 1567 1048 1628 in
1081 1565 1143 1628 fine
1169 1567 1314 1630 eiusdem
1337 1565 1407 1630 finit
1434 1567 1529 1630 »dare

264 1675 413 1756 gaudiac.

370 1781 458 1863 item,
484 1780 613 1844 Missale
644 1782 787 1862 legatum
819 1799 876 1864 per
908 1781 1076 1842 dominum
1104 1780 1301 1862 Stephanum
1326 1781 1523 1844 archidiaco-

266 1907 343 1949 num
369 1889 409 1950 de
434 1888 581 1967 Kemlelr,
608 1887 714 1970 Spiter
738 1887 871 1966 dictum,
888 1906 961 1949 cum
980 1886 1168 1948 kalendario
1193 1901 1223 1948 et
1247 1887 1523 1970 Prepbacionibus

265 1996 305 2056 ab
329 2007 412 2074 ante,
437 2009 467 2056 et
499 1995 611 2077 incipit
643 2013 716 2057 cum
749 1995 874 2056 rubrica
909 1993 962 2054 »ln
996 1991 1158 2054 dominica
1190 1994 1326 2076 prima«,
1352 1994 1439 2057 etin
1464 1993 1528 2056 fine

266 2100 360 2182 primi
386 2101 539 2182 marginis
563 2100 696 2162 secundi
715 2099 784 2162 lolii
813 2113 862 2163 »et
886 2113 961 2162 tunc
978 2099 1166 2177 videbunt«,
1192 2113 1223 2162 et
1240 2101 1272 2162 in
1296 2099 1359 2162 fine
1383 2099 1526 2163 eiusdem

267 2204 339 2268 finit
364 2207 424 2268 ›ad
449 2207 508 2269 celi
537 2207 694 2290 palacia«.

370 2314 460 2393 ltem,
485 2315 573 2376 aliud
594 2314 723 2376 Missale
740 2333 813 2376 cum
834 2314 1020 2377 calendario
1037 2328 1068 2377 et
1084 2313 1363 2398 Prephacionibus
1386 2315 1426 2375 ab
1444 2327 1528 2392 ante,

264 2434 295 2481 et
319 2420 429 2503 incipit
445 2421 514 2482 aiue
539 2422 662 2484 rubrica
691 2421 761 2482 »nd
784 2433 815 2482 te
839 2421 977 2500 levavi«,
1002 2435 1033 2484 et
1057 2422 1089 2483 in
1114 2421 1175 2484 fine
1193 2421 1288 2504 primi
1313 2420 1464 2502 marginis
1480 2440 1527 2482 se·

265 2526 361 2588 cundi
387 2525 456 2589 lolii
472 2525 542 2589 finit
569 2528 700 2590 »Excita
724 2527 856 2590 domine
873 2528 1089 2612 potenciam«,
1115 2542 1145 2590 et
1162 2528 1193 2589 in
1218 2526 1279 2589 fine
1297 2527 1441 2589 eiusdem
1459 2525 1529 2588 finit

183 2627 191 2642 ⁰
267 2633 380 2695 »nobis
403 2633 479 2696 dara
502 2635 653 2716 gaudia«.

369 2757 459 2839 ltem,
483 2779 584 2846 unum
610 2759 739 2822 Missale
762 2760 943 2841 sollempne
968 2778 1041 2820 cum
1066 2757 1250 2822 calendario
1274 2771 1304 2820 et
1328 2758 1525 2840 preambulis

265 2866 305 2925 ab
330 2877 414 2944 ante,
439 2879 470 2927 et
494 2866 606 2949 incipit
638 2865 706 2928 sine
742 2866 867 2946 rubrica
910 2864 979 2926 »Ad
1012 2878 1042 2927 te
1067 2865 1204 2943 levavi«,
1229 2878 1259 2925 et
1291 2864 1321 2924 in
1347 2862 1409 2926 fine
1434 2864 1527 2945 primi

265 2971 416 3053 marginis
440 2973 570 3035 secundi
595 2971 664 3034 lolii
693 2971 762 3034 finit
789 2973 888 3034 >deus
919 2985 1069 3049 autem‹;
1105 2972 1246 3054 legatum
1273 2991 1328 3054 per
1353 2970 1524 3033 domiuum

264 3075 444 3139 lobaunern
469 3079 656 3162 episcopum
681 3080 932 3161 zagrabiensem.

371 3183 460 3262 ltem,
485 3183 571 3246 aliud
597 3185 736 3264 Missale,
761 3184 850 3266 quod
868 3183 979 3266 incipit
1004 3185 1036 3246 in
1053 3183 1212 3266 principio
1238 3184 1332 3266 primi
1357 3182 1427 3246 lolii
1453 3201 1525 3244 cum

265 3289 390 3351 rubrica
419 3289 551 3373 ›lncipit
575 3311 666 3352 amor
690 3293 789 3352 sancti
808 3290 1036 3369 lobannisc‚et
1051 3291 1081 3351 in
1107 3291 1253 3372 sequenti
1280 3289 1360 3352 folio
1384 3290 1415 3352 in
1440 3290 1526 3372 prin·

267 3395 351 3476 cipio
380 3395 512 3478 »lncipit
529 3396 781 3474 calendarium«,
799 3410 829 3458 et
846 3397 878 3458 in
896 3395 958 3458 fine
976 3397 1049 3458 libri
1071 3396 1302 3478 »pereundam
1320 3396 1522 3458 dominum«.

369 3501 458 3582 Item,
482 3502 569 3564 aliud
590 3503 717 3564 Missale
735 3503 766 3564 in
784 3503 943 3585 principio
960 3504 1055 3586 primi
1073 3501 1143 3564 lolii
1162 3503 1275 3585 incipit
1301 3504 1527 3566 ›Exorcismus

265 3607 358 3669 salis<
386 3627 458 3670 curn
483 3608 620 3687 rubrica,
645 3610 731 3672 etin
756 3609 854 3671 tercio
887 3607 967 3671 folio
993 3609 1105 3692 incipit
1139 3609 1383 3686 kalendarium
1408 3610 1439 3670 in
1464 3607 1526 3670 fine

265 3714 336 3775 libri
363 3715 531 3777 continens
554 3715 684 3777 missam
709 3714 748 3776 de
773 3716 947 3779 wlnaribus
972 3715 1102 3778 Christi.

370 3838 459 3918 ltem,
485 3859 584 3902 unum
611 3839 738 3902 Missale
764 3859 896 3920 novum,
922 3841 1033 3922 incipit
1051 3840 1273 3902 kalendarium
1292 3860 1366 3903 curn
1391 3841 1526 3920 rubrica,

264 3959 390 4028 etpost
421 3947 642 4008 kalendarium
678 3947 835 4028 incipiunt
867 3961 950 4009 certa
983 3947 1171 4028 preambula
1195 3967 1269 4009 curn
1302 3948 1427 4009 rubrica
1455 3948 1526 4010 »Sic

265 4052 423 4134 incipiunt
454 4052 642 4134 preambula
675 4072 733 4134 pro
766 4053 860 4114 missa
893 4054 1147 4135 competenciar,
1180 4054 1264 4115 etin
1291 4053 1353 4116 fine
1379 4055 1523 4116 eiusdem

263 4159 401 4236 missalis
428 4157 708 4222 »transferamur«.

617 4391 863 4473 Sequuntur
895 4391 1181 4474 Capitularia.

370 4553 458 4631 ltem,
491 4573 591 4615 unum
617 4553 853 4636 Capitularium
887 4573 958 4614 cum
993 4553 1179 4614 kalendario
1212 4566 1241 4614 et
1267 4553 1392 4613 rubrica
1416 4571 1525 4632 zagru-

265 4657 378 4737 biensi,
403 4659 491 4740 quod
517 4659 629 4742 incipit
646 4679 718 4721 cum
742 4660 865 4720 rubrica
886 4659 1019 4740 »incipit
1036 4659 1259 4741 capitularium
1286 4671 1316 4720 et
1340 4657 1524 4720 Collectua-

264 4763 379 4840 rium«,
405 4778 435 4826 et
459 4766 490 4826 in
516 4764 701 4848 fineprime
727 4767 841 4848 pagine
860 4766 991 4827 secundi
1007 4765 1076 4826 lolii
1101 4765 1170 4826 finit
1197 4765 1313 4825 »simul
1338 4778 1369 4825 et
1392 4785 1525 4846 opera«,

264 4883 294 4931 et
319 4871 349 4931 in
374 4869 436 4932 fine
461 4872 533 4933 libri
558 4871 628 4934 finit
655 4873 780 4933 romnis
804 4872 933 4954 spiritus
958 4871 1068 4934 laudat
1092 4872 1295 4934 dominum«.

369 4977 458 5058 Item,
483 4998 584 5040 unum
608 4979 696 5040 aliud
722 4979 908 5061 Capitulare
933 4999 1005 5040 cunr
1039 4979 1132 5041 certis
1164 4979 1380 5058 oracionibus,
1405 4977 1526 5039 habens

264 5083 295 5144 in
319 5083 425 5166 primo
449 5084 683 5164 kalendarium,
716 5099 747 5147 et
776 5086 888 5167 incipit
915 5085 1152 5166 »Omnipotens
1186 5086 1379 5168 sempiterne
1413 5085 1525 5160 deus«,
