3840 5800
997 1538 1047 1619 X.

416 1771 595 1875 Exposita
622 1797 688 1874 per
714 1772 868 1849 Kemlek
905 1785 992 1874 post
1032 1771 1155 1848 datam
1183 1773 1367 1848 racionem
1394 1773 1429 1848 in
1458 1770 1627 1871 profesto

677 1898 776 1974 beati
803 1897 1002 1991 Benedicti,
1030 1898 1066 1973 in
1093 1897 1228 1974 marcio
1263 1894 1373 1973 1504.

502 2125 611 2188 Primo
635 2125 668 2187 ln
693 2125 745 2188 die
762 2126 847 2189 beati
864 2125 949 2188 Petri
977 2127 1114 2187 martiris
1131 2125 1283 2207 magistro
1300 2123 1427 2187 Thome
1453 2125 1658 2206 carpentario

394 2234 428 2295 in
455 2245 574 2294 sortem
599 2231 828 2294 convencionis
859 2251 914 2293 sue
946 2231 1030 2293 circe
1062 2245 1285 2313 cooperturam
1314 2231 1465 2308 sacristis,
1492 2230 1557 2291 dati
1583 2277 1591 2294 .
1618 2278 1626 2294 .
1652 2278 1660 2293 .

395 2338 466 2405 flor.
499 2338 549 2402 lll.

500 2443 617 2507 Eidem
642 2445 673 2506 in
699 2443 841 2526 profesto
866 2445 957 2506 beate
982 2444 1107 2506 Helene
1129 2445 1249 2525 regine,
1274 2443 1414 2507 dati...
1439 2446 1508 2508 flor.
1533 2442 1568 2505 ll.

501 2551 535 2613 ln
560 2564 672 2613 octava
696 2551 796 2613 sancti
822 2551 962 2612 Ladislai
986 2552 1070 2632 regis
1092 2551 1244 2631 magistro
1269 2551 1354 2611 Luce
1379 2549 1580 2632 carpentario
1597 2569 1657 2632 pro

396 2659 520 2723 scriniis
544 2658 620 2738 suis,
644 2659 731 2720 iuxta
754 2658 1015 2720 commissionem
1049 2657 1322 2720 Reverendissimi
1354 2657 1478 2718 domiui
1504 2657 1659 2740 episcopi,

396 2766 437 2830 sd
460 2766 656 2828 relacionem
682 2763 807 2825 domini
832 2763 958 2826 Alberti
982 2764 1146 2846 prepositi,
1172 2764 1236 2824 dati
1254 2811 1262 2828 .
1279 2809 1312 2828 ..
1336 2763 1406 2826 flor.
1429 2763 1499 2827 XX.

501 2871 595 2934 Feris
612 2883 725 2952 quarta
742 2883 814 2952 post
838 2869 953 2930 festum
970 2871 1055 2930 beati
1073 2869 1227 2952 Stephani
1244 2870 1337 2951 regis,
1366 2868 1527 2950 Georgius
1544 2871 1657 2931 castel-

396 2979 490 3041 lanus
520 2976 736 3058 zagrabiensis
767 2977 845 3038 emit
869 2976 1042 3038 claviculos
1074 2995 1132 3058 pro
1164 2976 1296 3038 ecclesia
1317 2995 1373 3057 per
1406 2975 1659 3038 milletrecentos

396 3105 455 3168 pro
471 3084 541 3148 flor.
565 3103 707 3147 uno...
737 3082 807 3146 flor.
832 3083 883 3148 lX.

504 3190 647 3252 Domino
680 3188 844 3272 Stephano
877 3189 1028 3272 episcopo
1062 3188 1254 3267 Rosonensi,
1286 3189 1341 3270 qui
1366 3189 1514 3250 similiter
1539 3203 1661 3251 emerat

397 3297 573 3360 claviculos
597 3296 712 3358 eodem
745 3296 864 3379 preci0‚
898 3296 929 3356 in
961 3309 1104 3358 toto...
1135 3293 1204 3358 flor.
1226 3293 1279 3373 Vl,
1314 3295 1372 3358 sol.
1395 3295 1478 3374 XVI,
1504 3315 1586 3377 quos
1610 3315 1659 3357 re-

397 3405 485 3468 stitui
510 3403 626 3466 eidem.

505 3509 539 3572 ln
563 3507 643 3572 festo
668 3509 752 3570 beati
777 3507 907 3570 Thome
939 3507 1117 3590 apostolia
1150 3505 1272 3568 famulo
1305 3509 1444 3589 Baptiste
1470 3508 1659 3572 Florentino

400 3629 509 3699 empte
534 3616 629 3677 corde
646 3630 767 3697 septem
785 3636 886 3698 prope
904 3615 1050 3676 ulnarum
1072 3628 1284 3676 tercentorum
1309 3627 1340 3675 et
1356 3614 1437 3676 ultra
1457 3664 1487 3678 ..
1505 3614 1660 3680 ,flor.111.

505 3722 620 3783 lterum
658 3723 689 3782 in
722 3720 863 3804 profesto
896 3722 980 3784 besti
1012 3720 1175 3782 Valentini
1207 3721 1345 3782 martiris
1376 3720 1450 3782 dedi
1481 3722 1521 3783 ad
1547 3742 1661 3784 manus

400 3829 524 3892 domini
551 3826 735 3891 Goricensis
760 3849 817 3911 pro
842 3829 947 3890 cordis
972 3829 1096 3910 magnis
1112 3849 1168 3910 per
1192 3827 1347 3890 famulum
1366 3827 1479 3910 prelati
1506 3829 1659 3912 Baptiste,

399 3935 490 3997 Bude
514 3935 779 3999 ordinandis...
804 3933 873 3998 flor.
897 3935 951 3998 Xl.

505 4042 565 4103 Die
589 4041 753 4103 dominico
786 4055 858 4124 post
881 4043 1043 4104 Ambrosii
1077 4042 1230 4123 magistro
1254 4041 1433 4123 Wlfgango
1457 4063 1516 4127 pro
1541 4045 1661 4107 instru-

399 4161 509 4211 mento
541 4148 580 4210 sd
612 4148 745 4210 modum
777 4148 956 4210 molendini
987 4149 1028 4211 ad
1058 4149 1250 4211 trahendum
1275 4149 1452 4211 necessaria
1476 4171 1535 4233 pro
1559 4152 1659 4214 wolta

399 4252 493 4334 facto,
518 4254 606 4317 iuxta
629 4255 883 4316 convencionem
901 4305 908 4319 .
925 4301 934 4318 .
951 4303 957 4318 .
976 4254 1044 4318 flor.
1068 4254 1131 4318 llll.

1069 4361 1201 4424 Summe
1225 4360 1295 4424 flor.
1320 4362 1428 4442 LVlll‚
1452 4363 1512 4426 sol.
1533 4364 1618 4430 XVI.

489 4589 708 4670 Magistris
741 4587 954 4672 Gregorio
985 4603 1024 4652 et
1056 4589 1329 4654 Christoforo
1355 4591 1571 4674 lapicidis.

509 4749 648 4811 Sabbato
672 4763 744 4832 post
768 4749 884 4812 festum
909 4751 1111 4813 lnvencionis
1134 4765 1241 4814 sancte
1266 4751 1379 4814 Crucis
1403 4753 1556 4834 magistro
1582 4753 1663 4817 Gre-

402 4856 493 4937 gorio
518 4856 550 4916 in
575 4869 692 4918 sortem
717 4857 837 4919 laboris
867 4857 985 4938 gradus
1015 4879 1109 4942 supra
1141 4861 1316 4922 sacristiam
1348 4861 1441 4923 etad
1466 4877 1552 4924 entra
1576 4864 1661 4926 circa

403 4961 551 5042 eandem,
575 4983 610 5024 ac
634 4977 736 5026 statue
761 4964 881 5026 ibidem
907 4965 946 5027 de
971 4985 1057 5028 novo
1080 4979 1256 5032 erecte...
1281 4965 1350 5033 flor.
1373 4968 1412 5032 X.
