3804 5798
785 533 966 594 [natatoria.
1453 532 1513 613 167

247 747 364 832 pagine
390 746 524 808 secundi
549 743 619 807 lolii
644 743 714 807 finit
740 745 791 806 »in
825 745 965 806 assencia
998 744 1214 824 diversitate«,
1240 759 1270 806 et
1294 745 1326 806 in
1352 743 1415 808 fine
1439 746 1511 808 libri

244 852 314 915 finit
337 871 410 916 cum
428 851 554 914 rubrica
581 850 739 934 »Explicit
762 851 883 914 lectura
902 849 1008 912 fratris
1025 851 1135 913 Jacobi
1159 871 1255 934 super
1281 852 1463 914 Summas«.

354 959 444 1038 ltem,
468 957 601 1040 quidam
625 957 707 1020 liber
730 957 771 1020 de
797 957 957 1020 Trinitate
981 970 1012 1018 et
1034 958 1135 1019 tribua
1158 959 1263 1037 rebus,
1288 972 1319 1020 et
1342 958 1455 1040 incipit
1477 959 1509 1020 in

249 1067 341 1148 nigro
369 1079 541 1146 »tanquam
565 1063 733 1145 inquirens
765 1082 908 1125 racemos
931 1078 1003 1146 post
1033 1062 1310 1143 vindimiatoresc,
1335 1078 1365 1127 et
1388 1065 1421 1126 in
1445 1063 1508 1126 fine

248 1172 351 1254 prime
377 1171 493 1254 pagine
518 1170 650 1232 secundi
675 1168 744 1231 lolii
763 1168 833 1232 finit
859 1170 939 1232 »hoc
956 1183 1003 1232 est
1019 1169 1133 1250 sicut«,
1157 1184 1188 1234 et
1213 1171 1244 1232 in
1261 1169 1325 1233 fine
1349 1171 1423 1233 libri
1441 1170 1511 1233 finit

247 1291 317 1340 sest
333 1276 473 1359 quedam
490 1275 600 1338 tabula
616 1276 711 1338 huius
731 1276 848 1358 operis,
866 1296 928 1358 que
956 1275 1043 1338 finit:
1068 1289 1142 1340 sunt
1170 1297 1246 1359 ergo
1271 1291 1301 1340 et
1326 1279 1505 1360 proxima«.

350 1383 440 1462 ltem,
464 1382 577 1465 incipit
598 1382 680 1444 liber
710 1381 749 1443 de
774 1395 886 1444 natura
911 1381 1087 1444 divinitatis
1118 1395 1149 1445 et
1173 1383 1353 1466 appellatur
1380 1384 1503 1447 ›Com-

249 1489 404 1572 pendium
427 1489 588 1551 theoloice
613 1488 788 1566 veritatis«,
811 1487 934 1550 habens
958 1489 1097 1571 capitula
1122 1502 1206 1569 ante,
1230 1504 1261 1552 et
1284 1491 1439 1573 prologus
1463 1491 1510 1552 in·

255 1596 331 1679 cipit
358 1595 527 1658 »Veritatis
550 1594 710 1656 theoloice
732 1594 946 1672 sublimitas«,
974 1607 1005 1657 et
1028 1593 1061 1655 in
1081 1591 1144 1656 fine
1167 1594 1242 1656 libri
1265 1593 1335 1657 finit
1359 1596 1391 1657 in
1416 1596 1508 1678 nigro

249 1703 380 1764 ›beatus
404 1701 535 1784 recipiet
558 1701 737 1763 secundum
763 1701 875 1763 merita
899 1701 968 1763 sine
991 1699 1065 1763 fine.
1091 1705 1229 1765 Amen«.

354 1807 444 1886 Item,
468 1807 550 1869 liber
568 1806 624 1888 qui
648 1805 829 1889 appellatur
856 1805 1116 1890 ›Compendium
1142 1807 1324 1890 pauperina,
1349 1821 1380 1869 et
1397 1807 1510 1890 incipit

252 1913 395 1976 >Veteris
418 1927 449 1975 et
472 1932 556 1975 nove
572 1912 685 1994 legis«,
710 1925 741 1974 et
765 1912 798 1973 in
822 1913 926 1994 prima
949 1913 1064 1996 pagina
1089 1913 1221 1976 secundi
1246 1912 1316 1976 lolii
1340 1910 1411 1975 finit
1438 1934 1507 1976 ›ac-

248 2037 298 2084 tus
321 2021 537 2098 attribuitur«,
561 2033 592 2082 et
616 2020 649 2082 in
672 2016 736 2081 fine
761 2018 834 2081 libri
857 2017 927 2080 finit
942 2019 1095 2082 »addatur
1118 2021 1280 2103 sapiencia
1304 2021 1436 2082 cuilibet
1460 2041 1507 2082 sa·

248 2127 389 2211 pienti‹;
414 2125 536 2188 habena
560 2126 592 2188 in
625 2123 687 2186 fine
720 2125 862 2186 tabulam
895 2126 1051 2208 optimam
1085 2127 1263 2190 secundum
1286 2140 1391 2210 partes
1417 2127 1511 2189 huius

250 2233 445 2317 compendii,
470 2247 500 2296 et
524 2231 593 2296 finit
620 2233 673 2294 »in
694 2233 800 2296 secula
824 2233 1040 2296 seculorum«.

353 2341 442 2420 ltem,
467 2341 652 2423 questiones
668 2360 763 2424 super
783 2340 873 2402 libris
891 2339 1109 2420 Summarum,
1126 2355 1157 2403 et
1173 2341 1285 2423 incipit
1301 2340 1409 2403 »Fecit
1427 2340 1507 2405 deus

249 2447 413 2510 hominem
439 2461 594 2526 rectum‹,
618 2445 702 2510 etin
726 2445 790 2508 fine
806 2447 909 2529 prime
926 2447 1043 2530 pagine
1061 2447 1194 2508 secundi
1219 2445 1288 2509 folii
1313 2445 1384 2509 finit
1403 2447 1509 2529 >quod

247 2555 273 2616 si
298 2575 347 2617 res
371 2555 534 2637 ponitur«,
558 2567 589 2616 et
612 2555 644 2615 in
669 2551 732 2615 fine
756 2553 831 2614 libri
855 2551 924 2614 finit
960 2554 1010 2614 »in
1036 2552 1149 2615 ordine
1175 2553 1381 2616 moralium«.

355 2661 454 2740 ltem,
489 2661 571 2722 aliua
613 2659 694 2722 liber
732 2659 938 2740 questionum
980 2678 1075 2742 super
1106 2660 1246 2742 primum
1284 2673 1315 2722 et
1346 2659 1509 2742 quandam

249 2781 373 2850 partem
405 2766 537 2829 secundi
573 2766 647 2828 libri
678 2783 876 2827 summarum
909 2765 1086 2827 secundum
1121 2765 1250 2828 fratrem
1276 2766 1438 2828 Thomam
1470 2765 1510 2828 de

247 2876 389 2956 Aquino,
414 2889 445 2936 et
468 2874 608 2955 primum
633 2872 809 2955 capitulum
839 2871 950 2955 incipit
989 2872 1077 2954 »Ego
1101 2874 1289 2956 sapientia«,
1307 2873 1387 2934 etin
1404 2873 1509 2955 prima

246 2985 363 3066 pagina
379 2980 512 3045 secundi
531 2980 600 3044 lolii
625 2979 695 3043 finit
714 2980 793 3042 »nisi
817 2979 1016 3042 credideritis
1040 2994 1119 3043 etc.‹

352 3107 441 3185 Item,
467 3106 549 3168 liber
573 3104 736 3188 alphabeti
761 3105 793 3165 in
819 3117 885 3166 arte
917 3105 1166 3183 sermocinandi,
1198 3105 1320 3167 habens
1351 3104 1508 3188 principia

247 3233 433 3274 sermonum
466 3213 498 3274 in
531 3211 690 3294 principio
724 3231 781 3293 par
812 3223 916 3272 totum
951 3231 1091 3290 annum,
1124 3225 1155 3272 et
1179 3211 1290 3294 incipit
1314 3211 1346 3272 in
1371 3211 1509 3294 prologo

252 3319 450 3381 aPlurimum
476 3318 600 3380 dilectis
617 3331 647 3379 et
672 3317 878 3399 diligendis«,
903 3331 933 3380 et
958 3317 989 3379 in
1014 3317 1077 3380 fine
1101 3319 1175 3379 libri
1199 3315 1269 3381 finit
1296 3318 1355 3380 »ad
1379 3316 1507 3380 confec·

249 3425 376 3487 cionem
400 3424 495 3486 huius
519 3423 711 3485 medicine«.

352 3530 442 3610 ltem,
466 3529 560 3593 flores
593 3529 758 3609 Bernardi,
790 3543 820 3592 et
845 3530 957 3612 incipit
988 3530 1020 3591 in
1046 3529 1138 3611 nigro
1174 3527 1278 3594 >Cum
1311 3549 1377 3591 non
1402 3549 1504 3592 essem

246 3639 342 3701 alicui
367 3638 401 3700 in
425 3639 609 3716 exercitio«,
633 3651 664 3700 et
688 3638 719 3699 in
744 3635 806 3699 fine
831 3638 933 3720 prirne
965 3637 1081 3719 pagine
1105 3637 1238 3698 secundi
1263 3634 1333 3698 folii
1357 3635 1427 3700 finit
1455 3639 1506 3698 »in

245 3743 353 3808 futuro
378 3745 460 3806 sicut
484 3759 563 3823 est«,
588 3759 619 3805 et
643 3745 675 3805 in
699 3743 765 3806 fine
786 3744 860 3806 libri
877 3741 948 3806 finit
976 3743 1069 3825 »quia
1086 3757 1159 3804 utro
1184 3743 1304 3825 ubique
1330 3743 1506 3824 periculoc.

352 3850 441 3930 ltem,
467 3851 564 3932 Hugo
589 3851 628 3913 de
652 3851 858 3913 sacramentis
879 3869 952 3912 cum
970 3850 1041 3911 aliis
1064 3850 1217 3932 operibus
1240 3851 1315 3928 suis,
1341 3864 1372 3911 et
1395 3851 1507 3932 incipit

245 3958 277 4019 in
303 3959 395 4039 nigro
423 3957 513 4019 »Due
530 3958 681 4039 precipue
706 3976 755 4018 res
778 3957 874 4036 sint«,
899 3971 929 4019 et
954 3957 985 4017 in
1015 3953 1076 4017 fine
1101 3956 1204 4038 prime
1228 3957 1346 4038 pagine
1371 3956 1504 4018 secundi

244 4064 314 4126 lolii
338 4061 408 4126 finit
435 4063 759 4147 »philosophiam«,
784 4075 815 4125 et
839 4063 871 4124 in
895 4061 958 4124 fine
983 4061 1055 4123 libri
1081 4059 1152 4123 finit
1179 4081 1254 4144 »per
1278 4075 1391 4123 cuncta
1416 4082 1505 4124 secu-

244 4171 350 4234 lorum
375 4171 514 4235 secula«.

349 4276 440 4356 ltem,
463 4277 544 4338 liber
569 4277 695 4339 Ysidori
722 4275 913 4338 desummo
938 4277 1037 4355 bono,
1061 4274 1174 4357 incipit
1201 4275 1363 4337 »Domino
1395 4289 1505 4337 sancto

245 4383 399 4461 meritis«,
425 4383 463 4444 de
487 4403 598 4466 grossa
621 4383 737 4462 littera,
768 4397 799 4444 et
833 4384 865 4445 in
898 4381 961 4445 fine
997 4381 1098 4465 prime
1133 4382 1251 4464 pagine
1275 4382 1407 4444 secundi
1432 4381 1504 4444 lolii

243 4489 314 4553 finit
342 4491 492 4552 »honoris
516 4503 592 4552 tunc
616 4492 776 4573 penitus«,
809 4491 895 4552 etin
930 4489 992 4553 fine
1024 4490 1098 4552 libri
1130 4487 1201 4551 finit
1227 4487 1429 4552 »letificaudo
1455 4490 1504 4551 in·

244 4599 378 4661 cludit«.

351 4705 442 4787 Item,
455 4706 536 4767 liber
554 4706 682 4768 Ysidori
696 4719 727 4768 et
736 4705 919 4768 Ethicarum
938 4705 969 4766 in
981 4704 1140 4787 principio
1149 4704 1312 4785 quendam
1325 4716 1504 4782 tractatum,

243 4811 355 4895 incipit
378 4811 418 4873 de
442 4831 591 4894 processu
615 4812 715 4874 sancti
739 4811 868 4893 spiritus
900 4825 1009 4873 contra
1035 4809 1167 4889 Grecos,
1192 4823 1223 4871 et
1246 4810 1357 4892 incipit
1384 4809 1501 4871 ›Disci-

242 4919 361 5002 plinaa
384 4917 537 4980 discendo
562 4938 680 4981 nomen
699 4919 853 5002 accepitc,
871 4931 902 4980 et
918 4919 951 4979 in
964 4916 1028 4980 fine
1045 4916 1117 4979 libri
1142 4914 1212 4978 finit
1239 4917 1392 4980 »calcaria
1409 4915 1503 4995 dicta,

244 5026 334 5110 quasi
359 5026 392 5088 in
417 5026 536 5106 calce«,
558 5039 588 5088 et
613 5041 659 5088 est
683 5025 722 5089 de
747 5025 852 5087 littera
876 5024 1018 5107 antiqua.
