3842 5802
421 565 442 624 4
961 543 1049 600 Anno
1071 552 1160 618 1471.

424 654 558 660 ....—--
611 654 620 658 -
631 651 908 658 —-——----——-——-
941 649 957 654 --
968 647 1167 656 --——-———---0
1183 648 1242 653 ——--—
1258 645 1685 653 —-——--—-————-

527 757 625 831 Quod
650 757 725 837 quia
761 756 809 816 vir
841 754 996 836 providus
1029 753 1186 815 Martinus
1218 752 1357 834 agricola
1390 750 1475 812 filius
1507 751 1621 812 Briccii
1646 751 1686 812 de

421 864 497 926 villa
523 862 668 946 Dedych,
692 882 728 924 ac
753 863 856 944 proba
881 860 996 921 mulier
1023 865 1131 939 Agnes
1162 872 1274 920 vocata
1306 857 1417 918 relicta
1449 857 1586 918 condam
1611 855 1686 918 Cle-

421 971 536 1032 mentis
560 969 713 1051 agricole,
738 967 796 1029 filii
822 967 962 1030 condam
979 965 1118 1044 Crisani,
1135 964 1192 1027 filii
1210 963 1367 1026 Anthonii
1385 964 1424 1026 de
1442 964 1526 1026 dicta
1543 962 1688 1047 Dedych,

420 1080 499 1140 olim
525 1077 667 1140 concivis
700 1075 810 1155 nostri,
842 1095 928 1137 nunc
963 1093 1037 1136 vero
1070 1093 1201 1135 consors
1236 1072 1394 1153 legittima
1417 1070 1531 1154 prefati
1557 1072 1687 1132 Martini

420 1185 560 1266 agricole
583 1173 656 1244 ‘filii
681 1183 806 1260 briccii,
840 1180 1056 1242 vendiderunt
1088 1179 1249 1260 quandam
1284 1179 1409 1240 vineata
1444 1178 1586 1260 ipsorum
1612 1178 1687 1261 Pry-

421 1292 579 1375 ltrysnyalt
604 1290 723 1350 dictam
750 1288 782 1349 in
807 1287 968 1348 territorio
994 1300 1103 1348 nostro
1128 1287 1159 1346 in
1187 1299 1297 1348 monte
1322 1305 1378 1347 seu
1403 1285 1475 1346 loco
1505 1285 1686 1346 lelenowcz

420 1410 545 1475 vocato,
569 1417 605 1458 ac
630 1397 712 1456 inter
737 1395 924 1477 porcionem
959 1394 1118 1454 vinealem
1143 1393 1307 1454 Valentini
1340 1391 1480 1473 agricole
1505 1413 1522 1452 a
1547 1405 1686 1473 septem·

421 1503 535 1580 trione,
560 1502 697 1583 desuper
720 1522 737 1562 a
763 1500 904 1582 quodam
923 1499 1042 1560 fossato
1067 1515 1098 1560 et
1121 1499 1172 1559 via
1190 1499 1354 1559 communi
1380 1500 1419 1559 ab
1436 1498 1572 1575 oriente,
1589 1497 1686 1558 simul

421 1628 495 1670 curn
520 1608 660 1690 virgulto
686 1607 824 1688 desuper
848 1621 879 1667 et
906 1607 1018 1667 subtus
1043 1605 1177 1667 eandem
1203 1605 1329 1666 vineam
1356 1619 1386 1666 et
1410 1602 1491 1665 inira
1518 1623 1618 1684 usque
1643 1602 1684 1664 ri-

421 1715 531 1776 vulum
558 1733 591 1776 se
616 1713 875 1795 protendentem,
908 1713 1124 1774 mediantibus
1156 1711 1350 1792 quibusdam
1386 1711 1554 1772 arboribus
1586 1723 1684 1770 meta-

421 1821 505 1882 libus
540 1819 830 1881 infranominandis
870 1819 952 1880 inter
998 1817 1134 1880 eandem
1167 1818 1294 1879 vineam
1331 1816 1519 1880 eorumdem
1557 1816 1686 1878 Martini

420 1941 453 1988 et
478 1927 611 2007 Agnetis
636 1941 667 1987 et
690 1923 804 2008 prefati
830 1923 994 1986 Valentini
1015 1923 1166 2004 agricole,
1191 1943 1208 1984 a
1233 1923 1374 2004 quodam
1402 1923 1501 1984 dumo
1526 1922 1687 1984 avellana-

425 2052 495 2093 rum
521 2032 659 2114 desupra
684 2052 699 2092 a
726 2046 814 2113 parte
832 2031 965 2092 orientis
982 2031 1014 2091 in
1032 2029 1151 2092 fossato
1179 2043 1210 2092 et
1234 2030 1387 2111 incapite
1411 2029 1555 2091 eiusdem
1580 2030 1683 2105 vinee,

421 2153 452 2200 et
475 2142 515 2200 ab
540 2139 655 2200 eodem
681 2138 781 2199 durno
805 2138 1023 2200 avellanarum
1053 2149 1084 2198 et
1116 2135 1235 2198 fossato
1267 2135 1473 2218 procedendo
1499 2135 1581 2196 inter
1607 2134 1687 2195 vites

422 2244 504 2306 infra
528 2245 567 2306 ad
593 2259 715 2327 partem
742 2245 919 2307 occidentis
944 2258 975 2306 et
1006 2245 1094 2306 venit
1119 2243 1159 2305 ad
1192 2243 1355 2325 quandam
1378 2243 1526 2304 arborem
1551 2242 1610 2323 piri
1635 2241 1687 2301 sil·

422 2351 533 2412 vestris
557 2351 589 2412 in
614 2351 693 2412 silva
717 2369 817 2432 prope
843 2349 963 2412 dictum
990 2363 1132 2412 meatum
1165 2369 1247 2431 aque
1274 2369 1329 2432 per
1353 2349 1482 2410 easdem
1507 2362 1612 2430 partes
1629 2366 1687 2429 pro

423 2471 505 2519 meta
538 2457 676 2536 locatas,
708 2477 834 2518 necnon
866 2476 882 2516 a
915 2469 1003 2537 parte
1036 2456 1241 2516 meridionali
1274 2475 1374 2536 usque
1407 2454 1520 2515 silvam
1555 2452 1687 2535 provide

422 2564 567 2625 mulieris
591 2563 784 2643 Magdalena
809 2561 874 2624 filie
898 2562 1035 2623 condam
1062 2559 1215 2642 Gasparis
1240 2559 1298 2622 filii
1319 2558 1465 2644 Mylrlyni
1491 2559 1615 2640 judicis,
1640 2577 1687 2619 re-

422 2669 496 2731 licte
529 2669 666 2730 condam
700 2668 817 2729 lansek
849 2666 1023 2746 carnificis,
1055 2686 1091 2728 ac
1124 2667 1251 2728 discreti
1283 2667 1342 2728 viri
1376 2665 1501 2727 domini
1535 2663 1689 2726 Johannis

422 2775 588 2858 presbiteri
606 2774 663 2836 filii
689 2775 833 2837 annotati
851 2773 988 2836 condam
1013 2773 1169 2835 Johannis
1186 2771 1343 2835 carnificis
1367 2773 1495 2851 Jansek,
1519 2791 1556 2832 ex
1575 2770 1687 2833 eadem

423 2880 615 2962 Magdalena
640 2881 812 2963 progeniti,
844 2895 874 2942 et
906 2901 1008 2962 usque
1041 2880 1221 2954 predictum
1254 2892 1395 2940 meatum
1428 2897 1512 2961 aque
1538 2876 1688 2960 pluvialis

423 3007 454 3047 se
479 2988 744 3068 protendentem,
776 2987 846 3048 viro
879 2986 1015 3068 provido
1049 2987 1142 3046 Petro
1173 2985 1281 3047 villico
1315 2985 1352 3046 de
1386 2983 1530 3069 Dedych,
1562 2983 1687 3046 concivi

423 3107 543 3168 nostru,
568 3111 603 3153 ac
627 3112 781 3174 pereum
806 3092 871 3154 suis
895 3093 1066 3154 heredibus
1091 3112 1149 3174 pro
1183 3090 1323 3152 sedecim
1348 3091 1455 3174 pensis
1479 3091 1686 3153 denariorum

317 3204 319 3211 '
423 3199 658 3260 viennensium
683 3219 738 3280 per
763 3199 901 3260 eundem
927 3200 1056 3260 Petrum
1082 3197 1264 3280 persolutis,
1285 3198 1502 3259 vendiderunt
1525 3197 1593 3280 jure
1618 3216 1687 3279 per-

423 3319 522 3387 petuo
555 3319 586 3367 et
618 3306 872 3367 irrevocabiliter
904 3305 1132 3387 possidendam
1166 3319 1197 3366 et
1221 3304 1314 3385 ‚juxta
1347 3303 1573 3366 condicionem
1605 3303 1688 3364 dicte

425 3411 561 3472 civitatis
586 3411 895 3492 quomodocumque
920 3411 1059 3472 voluerit
1077 3410 1311 3493 disponendam
1326 3431 1333 3486 ;
1350 3431 1446 3492 super
1463 3431 1528 3492 quo
1552 3410 1624 3472 data
1643 3423 1688 3470 est

424 3518 528 3578 eidem
554 3517 645 3578 litera
671 3518 893 3598 privilegialis.
