3804 5798
961 513 1109 575 Rationes.

808 726 922 787 Nova
947 725 1056 786 viIIa
1081 725 1286 786 civitatis.

518 869 625 930 PrImo
650 868 735 930 filius
752 869 906 930 Iohannis
924 867 963 928 de
982 866 1150 950 Gorymla,
1168 866 1272 928 media
1291 867 1377 928 curia
1395 863 1499 950 (soleii
1518 863 1683 948 LXXV).

516 975 594 1037 Item
620 977 752 1060 Putocy,
776 976 882 1036 media
906 975 992 1036 curia
1018 970 1187 1058 (desalutari
1205 991 1268 1054 pro
1293 970 1394 1036 debito
1418 971 1498 1056 suo).

517 1083 594 1144 Item
621 1083 774 1144 Nicolaus
797 1096 909 1160 sartor,
933 1101 997 1142 una
1021 1093 1145 1162 quarta.

517 1189 594 1250 Item
620 1189 765 1250 Andreas
789 1187 965 1269 inrumpat,
990 1206 1053 1247 una
1078 1201 1204 1267 quarta.

517 1295 594 1357 Item
621 1295 746 1356 Blasiue
769 1307 871 1356 sartor
895 1313 958 1354 una
983 1305 1096 1374 quarta
1120 1288 1235 1376 (soluat,
1258 1290 1365 1354 mirus
1396 1289 1425 1354 V
1446 1289 1537 1374 den).

516 1401 593 1464 Item
618 1399 683 1462 filie
708 1401 833 1463 Nicolai
858 1400 1036 1478 Januensis,
1060 1419 1123 1461 una
1148 1399 1245 1478 curia,
1270 1399 1376 1459 miuus
1400 1412 1523 1480 quarta.

516 1508 593 1568 Item
619 1507 750 1568 domine
775 1506 881 1584 Clare,
906 1507 1011 1568 media
1037 1507 1123 1567 curia
1150 1501 1254 1588 (soleii
1278 1501 1509 1567 medianarum
1535 1501 1604 1566 illis
1620 1503 1682 1566 Iri-

410 1611 466 1676 Ius
492 1613 614 1693 persia
645 1631 716 1676 eum
745 1611 859 1694 quibus
890 1609 1054 1674 terrebatur
1089 1607 1245 1674 Crisaeus
1276 1615 1305 1673 et
1336 1607 1404 1672 alin
1434 1609 1584 1673 medietas
1615 1629 1681 1673 unu

410 1717 627 1800 reperiebatur
651 1723 684 1781 in
701 1715 817 1782 litteris
832 1718 900 1782 sui-s
917 1723 945 1780 ei
963 1715 1059 1780 iudex
1074 1721 1103 1779 et
1119 1715 1327 1780 communitus
1343 1714 1479 1780 mediam
1494 1714 1680 1796 releuauit).

515 1825 594 1887 Item
620 1825 696 1886 Iuan
722 1825 932 1904 Chidaucich‚
957 1845 1020 1887 una
1045 1839 1172 1906 quarta.

517 1931 595 1994 Item
620 1933 743 1994 domini
769 1931 917 2016 Mykech‚
942 1950 1005 1992 una
1029 1943 1153 2012 quarta.

516 2038 593 2099 Item
620 2039 762 2119 magistri
789 2037 943 2100 Iohannis
968 2057 1031 2098 una
1055 2051 1178 2099 octava.

487 2229 491 2235 Ι
519 2144 595 2206 Item
621 2143 679 2206 filii
704 2145 843 2223 Zirotke,
868 2143 975 2206 media
1001 2143 1098 2205 curia.

513 2251 592 2314 Item
617 2251 747 2330 Miclau,
770 2271 832 2313 una
855 2264 977 2332 quarta.

514 2357 591 2419 Item
617 2342 758 2420 filiorum
783 2357 919 2436 Malech,
943 2377 1006 2418 una
1032 2369 1155 2438 quarta.

518 2463 596 2526 Item
623 2464 813 2543 Sebastiam,
838 2484 901 2525 una
925 2476 1038 2544 quarta
1062 2458 1231 2546 (defaleaui
1248 2480 1311 2542 pro
1343 2459 1444 2524 debito
1467 2459 1545 2544 suo).

517 2570 673 2652 Sumptna
697 2571 856 2631 curiarum
875 2569 951 2630 ville
977 2588 1059 2630 nove
1077 2567 1151 2630 facit
1175 2569 1278 2630 curias
1302 2568 1445 2649 quinque
1471 2582 1502 2629 et
1526 2582 1674 2650 quartam

413 2697 485 2738 cum
509 2691 632 2740 octava.

519 2784 674 2865 Sumpma
699 2802 920 2865 sumpmarum
944 2783 1105 2844 curiarum
1139 2781 1356 2864 predictarum
1388 2781 1464 2843 iacit
1487 2782 1591 2842 curias
1616 2782 1672 2842 du·

414 2904 521 2953 centes
546 2891 728 2971 octuagInta
745 2909 843 2951 unam
861 2903 891 2950 et
916 2889 1055 2951 mediam
1081 2889 1202 2951 curiam
1220 2908 1293 2950 cum
1310 2903 1433 2968 octava,
1458 2889 1562 2950 adhuc
1580 2908 1676 2950 unam

414 2997 546 3060 curiam.

519 3102 566 3164 De
592 3103 710 3183 quibus
734 3100 934 3164 defalcantur
969 3103 1057 3164 curie
1082 3101 1208 3182 judicis,
1232 3101 1411 3184 juratorum
1435 3116 1466 3164 et
1497 3101 1615 3164 notarii
1640 3121 1676 3162 ac

413 3209 552 3270 aliorum
577 3229 642 3270 non
666 3208 865 3270 solvencium
892 3209 1005 3290 viginti
1030 3221 1103 3270 octo
1129 3223 1160 3270 et
1185 3228 1247 3270 una
1277 3223 1398 3273 octava.
1422 3209 1555 3270 Restant
1578 3208 1677 3284 curie,

414 3335 476 3396 qne
501 3315 619 3376 debent
642 3315 779 3394 solvere,
805 3315 941 3378 ducente
967 3313 1201 3397 quinquaginta
1226 3329 1365 3396 quatuor
1389 3334 1462 3377 cum
1488 3315 1604 3376 media.

520 3420 592 3494 Que
616 3419 738 3482 faciunt
762 3421 847 3482 iuxta
871 3435 977 3483 texam
1012 3435 1214 3503 prenotatam
1247 3441 1369 3483 marcas
1404 3434 1562 3483 trecentas
1586 3435 1674 3482 octo·

413 3527 501 3609 ginta
526 3546 623 3588 unam
649 3541 679 3588 et
703 3541 841 3607 quatuor
865 3546 979 3610 pensas
1003 3528 1109 3588 minus
1133 3527 1244 3590 decem
1270 3527 1429 3589 denarios.
