3842 5802
405 601 449 662 40
937 577 1024 636 Anno
1047 572 1140 656 1478.

406 815 422 856 a
448 806 535 876 parte
561 805 668 854 autem
691 787 946 872 septemtrionali
971 807 1070 870 penes
1094 785 1231 849 fundum
1250 804 1307 846 seu
1331 783 1426 846 civile
1442 785 1501 846 viri
1526 783 1673 846 similiter

405 900 532 983 providi
558 897 657 960 Marci
682 896 800 959 sutoris
823 894 971 956 similiter
1000 893 1142 955 concivis
1166 892 1273 954 'nostri
1298 890 1445 952 habitum
1469 905 1501 952 et
1524 891 1673 968 existens,

405 1007 508 1088 ipsam
542 1003 693 1066 videlicet
725 1001 894 1064 mulierem
926 999 1064 1062 condam
1098 999 1245 1061 Elizabet
1277 996 1390 1060 Glazia
1425 1009 1569 1058 vocatam
1601 1009 1674 1078 post

405 1124 543 1174 mortem
568 1111 644 1172 dicti
669 1107 809 1172 condam
834 1105 962 1169 Thome
993 1105 1111 1168 sutoris
1142 1104 1248 1166 ultimi
1281 1103 1388 1165 mariti
1413 1103 1462 1165 sui
1487 1101 1556 1184 jure
1580 1103 1672 1184 legit·

406 1217 487 1280 timo
511 1231 542 1278 et
565 1214 762 1278 successorio
786 1227 1046 1292 concernentem,
1070 1212 1175 1294 ipsum
1208 1223 1316 1272 autem
1340 1209 1478 1271 condam
1503 1207 1667 1270 Thomam

405 1337 548 1385 sutorem
574 1321 726 1384 ultimum
758 1320 908 1382 maritum
941 1317 1086 1380 eiusdem
1118 1316 1256 1379 condam
1296 1315 1443 1377 Elizabet
1476 1313 1589 1377 Glazia
1613 1333 1668 1375 vo·

407 1443 487 1508 cate,
523 1429 563 1489 ab
597 1427 710 1489 eadem
753 1425 891 1487 condam
923 1422 1070 1486 Elizabet
1102 1422 1215 1486 Glazia
1247 1435 1377 1501 vocata,
1412 1435 1568 1503 tempore,
1603 1441 1668 1503 quo

405 1537 496 1616 olim,
521 1535 599 1598 dum
624 1553 712 1596 more
738 1553 871 1596 romane
895 1532 1029 1594 ecclesie
1047 1529 1172 1592 fuerant
1189 1529 1470 1592 matrimonialiter
1493 1528 1669 1609 conjuncti,

407 1645 449 1705 ob
474 1661 619 1704 amorem
643 1640 758 1724 copule
783 1638 962 1721 conjugalis
993 1652 1024 1700 et
1048 1651 1155 1700 mutee
1183 1637 1371 1699 dileccionis
1395 1655 1505 1698 amore
1538 1637 1667 1718 proprie

406 1761 438 1812 et
461 1747 616 1830 legittime
641 1746 709 1830 jure
742 1745 932 1808 donacionis
964 1758 1232 1823 concernentem,
1264 1757 1360 1826 prout
1387 1742 1448 1804 hoc
1469 1743 1502 1804 in
1527 1743 1667 1824 quadam

407 1855 500 1916 litera
524 1867 632 1916 nostra
655 1871 712 1915 seu
741 1851 878 1914 civitatis
909 1863 1077 1933 prenotate
1108 1849 1302 1931 privilegiali
1334 1863 1479 1932 tempore
1510 1848 1669 1930 judicatus

406 1961 465 2022 viri
498 1959 645 2022 similiter
677 1957 898 2040 circumspecti
931 1971 962 2019 et
993 1955 1119 2018 honesti
1152 1955 1296 2019 Conrsdi
1330 1955 1462 2017 stsar
1495 1955 1590 2032 dicti,
1614 1953 1671 2016 filii

404 2065 516 2144 Vlrici,
540 2064 677 2128 condam
696 2063 813 2146 judicis
837 2077 868 2125 et
885 2063 1027 2124 concivis
1044 2063 1142 2124 nostri
1168 2062 1206 2123 de
1236 2080 1322 2123 anno
1340 2061 1472 2123 Domini
1498 2061 1672 2122 millesimo

406 2171 726 2255 quadringentesimo
743 2169 1014 2252 quiuquagesimo
1036 2182 1126 2231 sexto
1151 2169 1183 2230 in
1201 2167 1282 2230 festo
1308 2169 1391 2230 beati
1417 2161 1671 2228 Franciscicon-

407 2277 535 2340 lesaoris
559 2276 760 2358 aliquamdiu
785 2275 954 2358 preteritis,
979 2294 1037 2357 pro
1061 2289 1149 2357 parte
1179 2274 1278 2357 ipsius
1302 2271 1440 2335 condam
1465 2272 1595 2335 Thome
1618 2292 1670 2333 su-

405 2383 483 2445 toris
498 2381 557 2444 filii
574 2381 713 2444 condam
738 2379 835 2442 Blasii
860 2379 900 2443 de
924 2379 1095 2458 Rakonok,
1119 2379 1198 2440 olim
1217 2377 1322 2440 ultimi
1347 2378 1453 2440 mariti
1477 2378 1576 2460 ipsius
1593 2397 1671 2440 con·

405 2489 480 2551 dam
497 2489 644 2552 Elizabet
661 2486 774 2550 Glazia
791 2500 902 2548 vocate
919 2485 1092 2568 superinde
1109 2485 1253 2547 conlecta
1273 2499 1305 2546 et
1328 2498 1486 2564 emanata,
1502 2505 1540 2547 ac
1560 2503 1669 2546 coram

406 2596 501 2659 nobis
524 2596 557 2657 in
580 2596 687 2678 specie
711 2594 866 2676 producta
891 2613 1038 2676 expresse
1061 2593 1202 2655 vidimus
1225 2592 1394 2671 contineri,
1417 2611 1490 2654 cum
1515 2579 1672 2654 omnibus'

405 2701 550 2765 eiusdem
574 2699 691 2762 domus
715 2713 747 2763 et
770 2699 862 2761 fundi
887 2718 923 2760 ac
947 2699 1063 2778 civilis,
1087 2717 1213 2760 necnon
1243 2699 1331 2760 curie
1355 2711 1386 2761 et
1410 2697 1518 2760 celarii
1542 2699 1666 2760 subter·

407 2808 496 2870 ranei
521 2808 580 2869 sub
605 2805 719 2868 eadem
752 2805 851 2867 domo
885 2804 1060 2883 existentis,
1092 2803 1316 2886 pertinenciis,
1341 2803 1475 2886 juribus,
1506 2805 1617 2865 usibus
1640 2818 1672 2866 et

406 2912 573 2992 fructibus,
596 2912 693 2974 simul
718 2931 791 2974 cum
809 2911 979 2973 medietate
997 2911 1133 2972 cisterne
1155 2924 1185 2972 et
1203 2911 1267 2972 loci
1284 2910 1454 2972 necessarii
1479 2929 1535 2971 seu
1552 2911 1672 2988 cloace,

406 3020 452 3083 uti
477 3020 593 3082 dicitur
618 3019 649 3081 in
667 3019 812 3102 predicto
831 3017 933 3080 fundo
957 3015 1071 3100 prefati
1093 3017 1248 3079 Demetrii
1265 3017 1395 3079 sartoris
1411 3015 1507 3078 vicini
1526 3015 1670 3079 eiusdem

405 3127 508 3188 civilis
532 3140 563 3188 et
586 3125 703 3186 domus
726 3125 907 3187 habitarum
933 3137 964 3186 et
988 3123 1209 3203 existencium,
1241 3144 1276 3187 sc
1308 3143 1384 3184 cum
1407 3123 1510 3186 libero
1535 3142 1596 3185 usu
1620 3142 1671 3185 ea·

406 3231 554 3295 rumdem
579 3232 649 3293 viro
673 3231 821 3293 similiter
853 3231 990 3313 provido
1027 3243 1058 3293 et
1088 3230 1225 3292 honesto
1258 3228 1417 3311 Gregorio
1450 3227 1580 3311 pellifici
1604 3229 1671 3290 filio

407 3339 536 3401 Andree
562 3337 716 3420 Mayxnar
741 3336 817 3398 dicti
842 3337 882 3398 de
907 3337 1032 3398 Leencz
1057 3336 1097 3398 de
1118 3336 1296 3415 Karintbia,
1321 3335 1445 3398 concivi
1472 3351 1592 3414 nostro,
1611 3355 1668 3417 pro

406 3442 520 3523 viginti
545 3443 689 3524 quinque
713 3441 880 3522 flonauri,
904 3443 988 3525 puri,
1012 3442 1139 3504 boniet
1162 3441 1236 3524 justi
1261 3442 1423 3525 ponderis,
1448 3461 1504 3524 per
1529 3440 1670 3503 eundem

407 3549 502 3610 nobis
526 3549 620 3631 plene
645 3562 676 3610 et
699 3549 822 3630 integre
840 3549 1023 3632 persolutis,
1041 3549 1081 3610 ad
1098 3569 1175 3610 usus
1195 3549 1356 3632 predictos
1379 3567 1436 3631 per
1460 3567 1519 3609 nos
1543 3546 1670 3630 dispen-

406 3655 513 3716 sandis
537 3667 568 3718 et
592 3654 764 3737 erogandis
780 3675 818 3717 ac
835 3654 1109 3716 amministrandis
1126 3656 1332 3718 vendidimus
1348 3669 1379 3717 et
1395 3655 1668 3738 perpetuavimus,

407 3763 600 3825 donavimus
623 3776 654 3824 et
677 3761 837 3840 dedimus,
863 3763 964 3824 immo
988 3763 1171 3841 vendimus,
1203 3761 1362 3824 donamus
1386 3777 1416 3822 et
1441 3775 1670 3844 perpetuamus

405 3869 472 3950 jure
497 3881 653 3950 perpetuo
678 3881 709 3930 et
733 3868 985 3930 irrevocabiliter
1007 3889 1064 3950 per
1081 3868 1221 3931 eundem
1246 3882 1277 3930 et
1300 3888 1376 3930 suos
1399 3867 1533 3928 heredes
1557 3881 1588 3930 et
1612 3885 1668 3949 po—

405 3976 561 4038 steritates
585 3976 752 4036 universos
776 3974 964 4054 tenendum,
981 3974 1213 4057 possidendum
1231 3975 1348 4057 pariter
1372 3987 1403 4036 et
1427 3973 1613 4036 habendum
1639 3987 1671 4034 et

407 4082 493 4143 iuxta
510 4096 617 4143 nostre
634 4081 791 4143 libertatis
808 4081 1004 4142 laudabilem
1023 4080 1288 4143 consvetudinem
1308 4081 1339 4141 in
1357 4080 1422 4142 vita
1439 4080 1491 4142 vel
1516 4081 1548 4142 in
1565 4093 1668 4141 morte

406 4187 716 4268 quomodocumque
732 4187 870 4249 voluerit
886 4187 1144 4270 disponendum;
1161 4187 1251 4248 litere
1268 4205 1354 4266 veru,
1378 4187 1404 4249 si
1421 4205 1484 4269 que
1502 4187 1534 4249 in
1552 4187 1664 4248 harum

406 4293 601 4355 contrarium
627 4309 773 4356 emanate
799 4291 927 4373 fuerint,
960 4293 1016 4356 has
1048 4293 1126 4356 dum
1150 4293 1190 4354 ad
1223 4293 1330 4355 lucem
1355 4293 1554 4372 devenerint,
1578 4313 1665 4354 com·

406 4399 563 4461 mittimus
587 4420 699 4480 cassas,
724 4420 822 4462 vanas
846 4414 878 4462 et
907 4397 1039 4462 frivolas
1063 4415 1094 4462 et
1126 4399 1278 4462 omnibus
1310 4401 1431 4462 viribus
1454 4418 1564 4460 earum
1590 4399 1668 4461 cari·

405 4521 500 4570 turas.
526 4505 559 4567 ln
585 4508 675 4568 cuius
698 4507 743 4568 rei
769 4507 972 4586 memoriam,
996 4506 1244 4588 firmitatemque
1263 4519 1449 4588 perpetuam
1467 4505 1669 4587 presentibus

405 4613 505 4674 literis
528 4611 644 4675 nostris
668 4613 925 4694 privilegialibus
953 4613 1096 4694 sigillum
1129 4625 1273 4674 nostrum
1306 4631 1479 4673 commune
1504 4631 1594 4673 more
1617 4632 1668 4674 so·

405 4719 463 4780 lito
482 4733 669 4782 consvetum
688 4719 837 4780 duximus
854 4718 1114 4801 appendendum.
1134 4719 1253 4779 Datum
1270 4717 1348 4778 feria
1364 4717 1504 4779 secunda
1522 4718 1668 4800 proxima

405 4838 477 4906 post
501 4824 699 4886 dominicam
725 4826 849 4887 Letare.
875 4829 971 4886 Anno
997 4824 1129 4886 Domini
1154 4825 1327 4886 millesimo
1351 4824 1669 4909 quadringentesimo

405 4931 641 5024 septuagesimo
666 4943 790 5001 octavo.

932 5055 1143 5080 ν’·-ὛἪὟ-Ἷτ
