3842 5802
918 569 1004 627 Anno
1027 565 1118 647 1476.

490 783 569 844 ltem
594 783 669 864 quia
686 781 834 844 vendidit
853 781 989 843 Mathias
1005 796 1107 843 sartor
1125 782 1231 843 Blasio
1246 781 1406 844 moderno
1422 781 1521 862 judici
1539 797 1649 844 nostro

384 889 547 970 quandam
574 889 701 950 vineam
734 907 832 970 penes
869 888 995 950 vineam
1029 888 1221 970 parochialis
1252 887 1385 950 ecclesie
1416 889 1516 952 sancti
1549 889 1648 951 Marci

385 1015 486 1077 usque
503 993 638 1057 fluvium
657 994 760 1078 llycza
784 1008 933 1057 vocaturn
958 1014 992 1056 se
1009 995 1244 1073 extendentem,
1269 1011 1328 1078 pro
1353 995 1540 1077 quindecim
1559 995 1649 1073 flor.;

384 1101 434 1162 cui
460 1100 558 1181 judici
583 1101 657 1162 data
682 1114 729 1162 est
753 1100 844 1162 litera
869 1100 1080 1182 privilegialis
1104 1121 1201 1184 super
1224 1101 1397 1184 premissis.

490 1207 567 1269 ltem
592 1207 668 1289 quia
692 1207 827 1290 provida
853 1207 969 1269 mulier
990 1206 1105 1269 Vrsula
1127 1221 1240 1271 vocata
1265 1208 1376 1270 relicta
1400 1208 1538 1270 condam
1564 1208 1648 1270 Galli

384 1314 499 1376 literati
524 1313 669 1374 vendidit
695 1313 810 1374 domos
834 1333 906 1375 suas
930 1333 986 1374 seu
1011 1312 1147 1376 fundum
1173 1333 1267 1376 suum
1292 1313 1429 1376 Nicolao
1454 1315 1645 1396 lwanouycz

384 1421 423 1482 de
449 1421 629 1503 Brezoyczn
656 1441 713 1502 pro
738 1419 949 1501 quadraginta
975 1419 1056 1498 flor.,
1086 1421 1167 1480 inter
1199 1420 1331 1482 domum
1365 1419 1590 1504 Valpuchycze
1617 1433 1647 1482 et

383 1529 505 1610 plateas
529 1547 735 1604 communes;
760 1527 810 1588 cui
837 1527 908 1587 data
935 1541 981 1588 est
1004 1528 1096 1588 litera
1122 1527 1330 1608 privilegialis
1354 1547 1449 1610 super
1473 1527 1644 1609 premissis.

490 1634 568 1694 ltem
594 1633 668 1715 quia
694 1633 910 1694 communitas
932 1633 1078 1694 vendidit
1095 1633 1257 1714 quandam
1283 1634 1409 1695 vineam
1434 1633 1542 1695 relicte
1567 1653 1640 1695 con·

383 1741 456 1802 dam
484 1740 698 1822 Margarcthe,
724 1759 786 1822 que
811 1753 941 1821 propter
965 1759 1111 1801 excessus
1134 1759 1190 1800 seu
1219 1739 1377 1802 maliciam
1402 1759 1491 1800 suam
1518 1758 1643 1800 concre-

382 1863 466 1910 mata
492 1848 605 1926 extitit,
631 1867 727 1929 quarn
763 1846 951 1908 vendiderat
984 1847 1063 1931 Elye
1097 1844 1195 1906 lusori
1230 1865 1456 1928 campanarum
1483 1859 1645 1927 tamquam

383 1954 568 2036 propinquo
592 1954 700 2015 vicino
725 1968 755 2014 ct
773 1967 997 2015 commetaneo
1020 1953 1164 2014 eiusdem
1183 1953 1294 2029 vinee3
1320 1953 1369 2014 cui
1389 1953 1461 2014 data
1486 1969 1532 2014 est
1556 1953 1646 2014 litera

383 2060 593 2141 privilegialis
617 2080 713 2141 super
737 2059 910 2143 premissis.

488 2167 565 2229 ltem
591 2168 666 2249 quia
690 2166 835 2227 vendidit
853 2165 1036 2228 Anthonius
1052 2179 1154 2227 sartor
1171 2166 1333 2247 quandam
1351 2179 1466 2228 terram
1492 2165 1644 2227 arabilem

382 2293 480 2356 penes
505 2273 607 2357 llycza
633 2293 690 2355 pro
715 2274 825 2334 decern
864 2287 895 2334 et
929 2291 1046 2333 novem
1079 2271 1149 2335 flor.
1176 2272 1295 2334 Mathis
1332 2271 1558 2355 Symu(n)ycz;
1593 2273 1643 2334 cui

382 2379 455 2441 data
480 2393 527 2442 est
552 2379 641 2442 litera
665 2399 760 2462 super
785 2378 955 2461 premissis.

488 2485 564 2548 ltem
590 2487 666 2567 quia
690 2487 939 2566 circumspectus
964 2485 1011 2544 vir
1043 2497 1074 2545 et
1097 2484 1252 2544 discretus
1284 2483 1446 2546 lohannes
1471 2483 1555 2546 lilius
1581 2485 1638 2545 Mi-

382 2591 511 2670 chaelis,
537 2593 644 2654 senior
667 2593 762 2674 judex
787 2606 818 2654 et
842 2591 983 2654 concivis
1009 2605 1126 2669 noster,
1151 2589 1296 2651 vendidit
1320 2590 1483 2672 quandam
1509 2589 1644 2651 domum

384 2717 473 2759 suam
500 2717 597 2780 penes
622 2698 755 2759 domum
781 2698 871 2759 lurse
905 2697 1060 2759 institoris
1084 2695 1213 2758 Thome
1239 2694 1361 2757 famulo
1386 2696 1523 2758 condam
1550 2696 1644 2756 Blasii

380 2804 509 2865 Almani
536 2824 594 2886 pro
619 2805 733 2886 viginti
759 2817 832 2866 octo
856 2803 925 2866 flor.
951 2803 1038 2879 auri;
1063 2802 1114 2864 cui
1148 2802 1221 2865 data
1246 2815 1291 2864 est
1316 2801 1406 2864 litera
1437 2801 1647 2884 privilegialis

380 2931 475 2993 super
499 2911 662 2992 premissis
686 2923 842 2992 perpetuo
868 2907 1078 2992 possidendis.

487 3017 584 3090 Quod
611 3017 685 3099 quia
712 3015 894 3098 Stephanus
918 3013 1066 3096 plathnar
1090 3014 1210 3095 juratus
1239 3015 1413 3075 modernus
1438 3027 1546 3076 nostre
1571 3014 1646 3075 civi·

379 3123 462 3200 tatis,
488 3137 638 3184 executor
662 3122 813 3183 videlicet
836 3121 973 3182 condam
994 3119 1194 3200 Margarethe
1213 3120 1366 3200 mulieris,
1384 3119 1531 3181 vendidit
1547 3139 1646 3200 quan-

380 3229 454 3290 dam
479 3229 613 3290 domum
639 3228 722 3290 dicte
747 3227 891 3288 mulieris
916 3227 998 3288 inter
1023 3227 1156 3286 domurn
1176 3227 1296 3288 Mathie
1322 3225 1479 3288 carnificis
1504 3245 1563 3307 pro
1580 3245 1647 3286 uno

381 3334 449 3396 flor.
475 3335 563 3410 auri;
589 3335 639 3395 cui
665 3334 738 3395 data
763 3347 809 3395 est
842 3333 932 3394 litera
969 3332 1179 3414 privilegialis
1210 3352 1306 3413 super
1339 3333 1406 3414 ipsa
1431 3332 1530 3393 domo
1556 3331 1644 3392 vide-

379 3440 453 3500 licet
478 3440 641 3522 Stephano
666 3441 764 3501 sutori
791 3454 822 3501 et
846 3439 1020 3500 Katherine
1046 3439 1147 3499 sorori
1166 3438 1309 3499 eiusdem
1334 3457 1429 3520 super
1455 3439 1521 3521 ipsa
1540 3439 1639 3498 domo

378 3565 506 3624 sonans,
530 3548 589 3608 sub
614 3546 721 3628 sigillo
747 3545 987 3607 communitatis
1012 3559 1168 3626 perpetuo
1193 3545 1398 3626 possidenda.

486 3652 524 3712 Et
549 3653 624 3732 quia
649 3652 784 3733 provida
816 3652 932 3712 mulier
964 3651 1078 3712 Vrsula
1113 3665 1226 3712 vocata
1258 3651 1366 3712 relicta
1392 3650 1529 3712 condam
1555 3650 1639 3712 Galli

381 3756 496 3817 literati
531 3757 677 3820 vendidit
709 3757 871 3839 quendam
905 3757 1059 3838 (h)ortum
1094 3757 1272 3818 muscarelli
1305 3760 1364 3819 sub
1389 3777 1482 3819 muro
1506 3757 1642 3818 civitatis

379 3863 460 3922 inter
484 3862 639 3945 (h)ortum
666 3863 820 3925 Anthonii
846 3863 980 3924 senioris
1005 3862 1118 3944 judicis
1135 3877 1167 3924 et
1195 3863 1290 3924 Blasii
1314 3865 1469 3926 institoris
1494 3863 1639 3924 moderni

378 3967 493 4048 judicis
518 3969 616 4030 nostri
641 3989 700 4051 pro
734 3969 847 4050 viginti
884 3969 1029 4050 quinque
1061 3967 1130 4030 flor.
1163 3969 1231 4030 auri
1265 3968 1407 4050 Georgio
1433 3971 1566 4051 Zubay;
1591 3968 1640 4029 cui

379 4074 450 4135 data
465 4089 510 4136 est
524 4075 612 4136 litera
627 4075 835 4157 privilegialis
852 4094 947 4157 super
968 4075 1130 4153 premissis
1147 4075 1206 4136 sibi
1225 4088 1380 4156 perpetuo
1398 4075 1640 4157 possidendum.

485 4179 581 4254 Quod
597 4181 671 4262 quia
687 4181 902 4243 vendiderunt
920 4180 1057 4241 Mathias
1082 4179 1298 4265 Scrobothycz
1321 4194 1352 4242 et
1369 4180 1515 4242 Thomas
1534 4179 1641 4242 Struz·

378 4287 478 4372 koycz
504 4288 659 4367 quasdam
684 4288 793 4348 vineas
819 4288 848 4348 in
875 4287 988 4347 silvam
1014 4286 1158 4347 redactas
1186 4287 1216 4347 in
1243 4287 1418 4348 Jelenoucz
1444 4287 1552 4348 Blasio
1578 4287 1640 4348 Ne-

379 4391 665 4474 leischenikoycz;
691 4393 740 4454 cui
766 4393 837 4454 data
864 4406 910 4454 est
934 4393 1025 4453 litera
1051 4393 1260 4474 privilegialis
1283 4413 1379 4475 super
1401 4393 1574 4474 premissis.

905 4689 1065 4706 -οοοοοι-
1101 4695 1112 4702 -
