3804 5798
803 569 952 638 Rationes.
1441 590 1501 658 225

345 789 424 852 Item
449 789 512 852 emi
550 807 651 851 unum
688 789 908 851 centenarium
942 789 982 850 de
1014 786 1098 848 ferro
1135 809 1152 850 a
1185 787 1304 849 Mathia
1328 785 1420 850 labro
1444 808 1503 871 pro

239 896 309 958 VIII
335 896 443 979 pensis
468 896 542 959 den.

345 1001 424 1064 Item
450 1002 525 1064 dedi
551 999 756 1063 Christoloro
781 1019 905 1082 pugnar
939 999 1128 1061 LXXXVIII
1156 1000 1241 1080 dem,
1265 1001 1320 1083 qui
1345 999 1505 1062 edilicavit

240 1123 304 1171 tres
327 1107 470 1171 balistas.
1078 1087 1084 1100 Ι

347 1215 425 1277 Item
440 1214 571 1298 exposui
586 1233 686 1296 quum
703 1213 867 1275 ambulavi
882 1231 955 1274 cum
974 1210 1130 1294 Gu(r)tlar
1142 1212 1182 1274 ad
1196 1213 1364 1275 dominum
1379 1213 1502 1275 Eanum

242 1335 373 1404 propter
399 1320 584 1400 exercitum,
610 1339 683 1382 cum
707 1318 809 1380 tribus
834 1319 926 1399 equis
950 1316 1007 1380 CC
1032 1317 1106 1383 den.

345 1426 424 1490 Item
448 1425 524 1489 dedi
548 1445 607 1509 pro
632 1426 741 1509 ptecIo
775 1444 933 1507 equorum
966 1445 1022 1507 per
1053 1437 1192 1506 quatuor
1224 1425 1292 1489 dies
1316 1425 1374 1487 CC
1398 1426 1505 1488 minus

240 1548 314 1597 octo
339 1534 412 1598 den.
965 1533 966 1538 ’

345 1641 422 1704 Item
447 1639 693 1723 propinavimus
717 1657 835 1700 munus
854 1637 990 1700 domino
1014 1639 1105 1700 Bano
1129 1658 1187 1721 pro
1212 1637 1251 1700 llI
1275 1637 1345 1701 flor.

344 1748 423 1810 Item
448 1745 521 1810 dedi
557 1765 615 1830 pro
649 1765 715 1808 uno
749 1745 881 1828 publico
913 1745 1128 1808 instrumento
1158 1745 1244 1808 XVII
1268 1765 1406 1827 grossos,
1431 1765 1503 1808 curn

241 1854 453 1937 pergamenis.

800 1959 933 2022 Summa
957 1957 1033 2020 facit
1057 1957 1099 2020 VI
1123 1957 1192 2022 flor.
1216 1972 1247 2021 et
1272 1959 1359 2021 CXL
1384 1959 1471 2041 den„

345 2067 423 2130 Item
457 2065 531 2129 dedi
565 2066 703 2128 Jobanni
737 2065 891 2127 Perouicz
923 2063 963 2126 Vl
996 2063 1065 2125 flor.
1098 2083 1157 2146 pro
1190 2064 1391 2145 damasitino,
1415 2067 1503 2148 quod

240 2173 389 2235 dedimus
414 2172 557 2256 Georgio
583 2173 677 2237 Kara.
703 2171 781 2234 Item
806 2171 921 2232 iterum
940 2171 1015 2232 dedi
1040 2171 1145 2232 eidem
1162 2170 1301 2234 Iohanni
1320 2191 1379 2254 pro
1396 2192 1504 2255 panno

240 2298 341 2340 unum
365 2299 437 2341 cum
463 2279 572 2342 medio
597 2277 679 2357 flor„
703 2277 791 2360 quod
816 2277 965 2339 dedimus
989 2277 1085 2338 sociis
1107 2277 1182 2340 suis.
1402 2275 1404 2282 ‘

345 2385 423 2448 Item
457 2385 572 2448 iterum
611 2383 685 2446 dedi
724 2383 828 2446 eidem
862 2383 873 2445 Ι
908 2383 976 2445 flor.
1011 2383 1142 2464 quando
1174 2384 1351 2446 ambulavit
1383 2385 1505 2447 Ravaar

240 2505 370 2575 propter
394 2491 523 2554 dacium
549 2511 608 2573 pro
633 2491 779 2574 expensis
803 2503 834 2552 et
858 2508 917 2572 pro
943 2507 1075 2550 munere
1100 2488 1111 2550 l
1134 2508 1206 2550 cum
1233 2489 1341 2552 medio
1367 2489 1436 2556 flor.

347 2597 423 2659 Item
449 2597 524 2660 dedi
550 2598 671 2659 Ravsar
695 2616 753 2680 pto
778 2596 886 2678 precio
911 2610 1083 2676 equorum,
1107 2595 1162 2677 qui
1188 2597 1236 2658 bia
1259 2597 1438 2660 ambulavit
1462 2599 1502 2660 ad

243 2703 412 2766 dominum
438 2705 573 2784 Banum,
598 2704 686 2765 solus
709 2702 807 2786 prins,
832 2701 1039 2784 postmodum
1063 2721 1136 2763 cum
1161 2702 1267 2765 iudice
1292 2703 1317 2764 ll
1341 2703 1410 2768 flor.

348 2811 425 2875 Item
451 2811 525 2873 dedi
551 2810 660 2889 ludici,
686 2810 807 2872 Ravsar
830 2829 889 2891 pro
921 2809 1077 2890 expensis,
1110 2827 1190 2889 quas
1214 2809 1361 2892 exposuit
1385 2810 1424 2871 ad
1450 2830 1502 2872 ex·

241 2933 381 2982 actorem
405 2931 478 2981 tate
502 2937 559 2980 aue
583 2917 669 2999 regie
686 2916 870 2994 maiestatis,
896 2915 1027 2976 nomine
1045 2915 1232 2997 magistrum
1258 2914 1437 2999 Georgium
1462 2918 1503 2981 de

241 3025 337 3105 Xara,
359 3025 461 3086 XXIII
485 3044 600 3108 pensas
624 3025 731 3085 minus
753 3024 784 3085 X
807 3022 880 3086 den.

752 3128 886 3191 Summa
914 3126 990 3190 facit
1013 3127 1084 3189 XVI
1109 3126 1177 3191 flor.
1201 3127 1308 3190 minus
1334 3128 1358 3189 L
1383 3127 1456 3193 den.

347 3237 424 3298 Item
450 3235 525 3298 dedi
549 3254 660 3318 sporar
683 3233 798 3297 XVIIII
824 3235 906 3313 den,
928 3235 983 3317 qui
1007 3231 1194 3295 reformavit
1210 3253 1308 3295 unam
1333 3253 1436 3296 teram
1461 3235 1502 3296 ad

240 3357 365 3427 portam
390 3361 542 3424 magnam
566 3342 738 3426 lapideam.

347 3449 424 3511 Item
449 3447 524 3511 dedi
549 3467 607 3530 pro
632 3467 698 3509 uno
722 3447 891 3530 capisterio
916 3445 1077 3509 Clementi
1103 3446 1212 3508 Ceclta
1236 3447 1294 3508 XL
1319 3447 1393 3511 den.

346 3553 430 3617 Item
456 3553 529 3616 dedi
555 3552 698 3636 Georgio
723 3553 863 3636 lapicide
887 3551 958 3614 XIII
991 3572 1106 3636 pensas
1130 3551 1215 3632 dem,
1240 3553 1295 3635 qui
1320 3551 1506 3615 reformavit

240 3659 364 3724 funtem
389 3660 626 3723 Mandutewcz.

347 3767 424 3830 Item
460 3766 553 3845 dedi,
590 3767 645 3848 qui
683 3777 890 3848 portaverunt
925 3765 1017 3826 mech
1055 3765 1267 3846 pertinentem
1304 3765 1344 3826 ad
1381 3764 1503 3828 luntem

240 3873 356 3937 XXIIII
386 3874 458 3938 den.

347 3979 424 4043 Item
450 3979 535 4058 dedi,
560 3981 615 4062 qui
635 3980 725 4042 duxit
741 3979 882 4062 lapidem
905 3976 985 4039 infra
1004 3978 1042 4039 ad
1061 3977 1184 4039 Iuntem
1209 3977 1265 4039 XII
1291 3978 1375 4057 dem,
1400 3981 1504 4061 etqui

241 4087 333 4150 duxit
355 4087 477 4149 trabem
503 4085 528 4147 ll
553 4087 626 4148 den.

346 4193 423 4256 Item
448 4193 524 4254 dedi
550 4192 677 4254 duobus
701 4191 920 4273 carpentariis,
952 4191 1006 4272 qui
1033 4187 1264 4251 edificaverunt
1287 4191 1396 4252 canale
1422 4191 1504 4252 circa

240 4298 364 4362 luntem
389 4299 508 4361 XXXII
534 4300 606 4361 den.

346 4405 424 4467 Item
451 4405 513 4468 emi
539 4406 647 4467 clavos
671 4424 729 4487 pro
753 4406 782 4467 X
807 4405 881 4468 den.

346 4511 424 4574 Item
448 4511 521 4572 dedi
548 4511 713 4573 AnthonIo
739 4512 802 4574 Rot
827 4510 853 4573 C
879 4511 952 4572 den.
977 4529 1034 4592 pro
1059 4511 1162 4572 canali
1188 4529 1317 4592 magno.

347 4615 424 4680 Item
450 4617 523 4680 dedi
549 4617 653 4680 eidem
678 4617 792 4678 XXIIII
818 4617 892 4680 den.
926 4635 982 4699 pro
1016 4615 1142 4677 duabus
1174 4617 1327 4694 trabibus,
1353 4633 1432 4696 quas
1457 4635 1502 4678 re·

240 4723 311 4806 cepi
336 4722 376 4785 ad
400 4725 513 4786 turrIm
537 4743 636 4805 penes
659 4723 830 4806 portellam
857 4742 998 4804 parvam.

346 4828 425 4892 Item
450 4829 526 4891 dedi
550 4827 716 4912 Wodopie
742 4829 838 4890 LVIII
862 4829 935 4892 den.
969 4849 1026 4910 pro
1051 4849 1114 4890 una
1139 4831 1240 4906 trabe,
1266 4847 1337 4888 cum
1363 4847 1426 4909 qua
1452 4847 1504 4889 co·

240 4936 382 5019 perImus
407 4937 528 5000 canale.

346 5043 425 5105 Item
450 5043 524 5105 dedi
543 5063 601 5126 pro
619 5064 680 5105 una
698 5045 788 5106 trabe
802 5043 888 5104 VIIII
907 5044 980 5104 den.
998 5061 1094 5124 quam
1112 5043 1206 5124 posui
1223 5041 1356 5104 circuitu
1370 5037 1503 5102 luntem.

964 5151 969 5157 .
1402 5146 1436 5208 ,3
