3842 5802
516 744 595 806 Item
619 743 707 824 quod
732 741 808 824 quia
833 741 891 801 viri
916 739 1042 821 providi
1062 738 1256 816 Anthonius,
1281 735 1393 796 Petrus
1418 747 1448 795 et
1473 732 1591 794 Paulus
1615 729 1672 791 lilii

412 852 492 934 Elye
517 850 651 932 Gayzlry
675 849 715 910 de
742 849 902 908 Bulrowcz
926 861 957 908 et
981 845 1097 906 mulier
1112 843 1239 923 Agatha
1266 862 1398 904 consors
1422 840 1568 902 eiusdem
1595 838 1673 918 Elye

412 958 545 1041 Gayzlty
569 969 669 1017 mater
692 968 817 1016 verost
842 972 979 1015 noverca
997 951 1215 1034 predictorum
1234 949 1401 1026 Anthonii,
1428 947 1511 1008 Petri
1536 959 1567 1006 et
1585 945 1673 1006 Pauli

412 1063 627 1125 vendiderunt
652 1059 813 1142 quandam
832 1059 965 1121 totalem
990 1059 1123 1118 domum
1142 1058 1284 1139 ipsorum
1309 1056 1462 1136 ligneam,
1487 1052 1584 1113 simul
1601 1069 1673 1111 cum

412 1168 513 1231 fundo
527 1183 557 1230 et
573 1167 691 1229 celario
707 1168 914 1227 subterraneo
932 1164 1139 1226 interdomos
1163 1177 1194 1225 et
1204 1161 1321 1224 fundos
1348 1160 1466 1222 Mathie
1491 1157 1669 1220 Neuedeen

413 1288 542 1359 aparte
567 1272 784 1349 meridionali,
816 1287 846 1335 et
879 1273 960 1332 inter
993 1271 1126 1332 domum
1159 1283 1189 1331 et
1222 1269 1359 1330 fundum
1391 1266 1535 1328 mulieris
1559 1264 1676 1325 lelicza

413 1393 537 1458 vocate,
562 1380 670 1440 relicte
702 1378 839 1439 condam
867 1377 1033 1438 Michaelis
1065 1375 1221 1458 pellificis,
1259 1375 1410 1436 videlicet
1434 1394 1450 1433 a
1475 1371 1677 1452 septemtrio-

414 1489 490 1564 nali,
515 1486 652 1569 provido
678 1484 796 1546 Mathie
830 1486 956 1546 literato
988 1483 1055 1546 filio
1088 1484 1225 1545 condam
1259 1483 1413 1544 lobannis
1438 1480 1595 1563 selliparis
1619 1497 1677 1559 pro

414 1607 487 1654 octo
511 1592 580 1654 flor.
604 1591 691 1667 auri3
716 1592 765 1652 cui
791 1591 863 1652 data
888 1603 935 1652 est
960 1591 1049 1652 litera
1086 1609 1181 1672 super
1214 1590 1374 1672 premissis
1398 1601 1553 1671 perpetuo
1578 1585 1675 1667 possi·

415 1700 528 1760 dendis
550 1699 667 1780 pariter
691 1712 722 1760 et
747 1697 911 1760 habendis.

522 1806 598 1866 ltem
623 1804 711 1885 quod
737 1804 813 1885 quia
839 1803 1054 1866 vendiderunt
1088 1802 1202 1865 Gallus
1239 1803 1359 1884 juratus
1384 1816 1415 1864 et
1440 1800 1591 1862 dominus
1616 1798 1676 1858 De-

416 1913 547 1974 metrius
582 1911 732 1988 altarista,
767 1909 912 1971 Andreas
936 1930 1082 1991 arcupar,
1119 1924 1305 1971 executores
1337 1908 1520 1971 testamenti
1557 1903 1680 1984 scripti,

416 2018 579 2100 quandam
603 2029 720 2078 terram
746 2016 901 2078 arabilem
926 2017 1008 2077 inter
1031 2031 1130 2078 terras
1154 2016 1290 2077 arabiles
1315 2015 1373 2076 viri
1398 2013 1524 2096 providi
1550 2010 1678 2073 Thonte

416 2124 533 2186 sutoris
556 2122 703 2184 moderni
728 2122 832 2202 jurati,
857 2142 875 2182 a
899 2122 1165 2204 septemtrionali,
1189 2142 1206 2182 a
1231 2121 1324 2203 plaga
1343 2121 1475 2182 ecclesie
1500 2131 1606 2179 nostre
1625 2135 1677 2196 pa-

418 2229 567 2293 rochialis
591 2230 674 2292 beati
702 2229 800 2290 Marci
826 2229 1032 2310 ewangeliste
1066 2249 1083 2290 a
1118 2228 1322 2290 meridionali
1346 2247 1383 2289 ac
1407 2227 1488 2288 inter
1512 2225 1591 2285 duas
1614 2223 1682 2282 vias

418 2356 616 2413 communes,
635 2355 696 2396 una
714 2335 894 2397 oboriente
912 2336 973 2396 alia
992 2337 1031 2396 ab
1049 2335 1226 2413 occidente,
1244 2336 1390 2416 quinque
1406 2334 1518 2410 dietas,
1536 2329 1679 2410 Georgio

420 2462 575 2525 arcuparo
599 2441 667 2503 filio
693 2439 871 2504 Clementis
896 2441 934 2502 de
960 2441 1200 2504 Chernomercz
1231 2461 1290 2524 pro
1314 2454 1453 2523 quatuor
1476 2438 1545 2500 flor.
1570 2435 1682 2498 vendi-

421 2549 559 2624 dissenr;
584 2547 635 2609 cui
660 2547 733 2609 data
758 2561 805 2610 est
829 2546 920 2608 litera
944 2548 1154 2628 privilegialis
1178 2567 1273 2629 super
1297 2546 1469 2628 premissis.

527 2654 603 2715 ltem
618 2654 707 2736 quod
721 2654 795 2735 quia
813 2654 1050 2715 testamentaria
1068 2654 1234 2736 legacione
1251 2653 1388 2716 condam
1404 2651 1579 2733 Gregorius
1597 2662 1684 2710 sutor

420 2759 584 2842 quandam
609 2759 743 2821 domum
768 2779 857 2820 suam
883 2779 957 2820 cum
975 2759 1076 2822 fundo
1101 2779 1137 2821 ac
1155 2760 1273 2822 celario
1301 2762 1509 2821 subterraneo
1536 2758 1683 2838 legasset,

420 2869 501 2928 inter
525 2867 640 2928 domos
671 2879 701 2926 et
733 2865 850 2942 fundos
881 2867 1015 2948 provide
1048 2867 1192 2928 mulieris
1217 2866 1330 2930 Glazia
1363 2867 1519 2928 consortis
1543 2863 1681 2926 condam

421 2972 550 3034 Thome
575 2972 703 3050 sutoris,
728 2993 744 3033 a
769 2985 858 3054 parte
891 2973 1109 3050 meridionali,
1138 2993 1174 3035 ac
1206 2973 1332 3054 providi
1367 2973 1462 3034 Blasii
1488 2970 1613 3053 pridem
1637 2969 1684 3050 ju-

422 3080 503 3140 dicis
525 3081 565 3140 ab
589 3077 688 3142 altera
712 3079 834 3141 scilicet
850 3080 1115 3162 septemtrionali,
1136 3081 1243 3142 Marco
1265 3079 1410 3142 servitori
1429 3099 1487 3140 suo
1505 3098 1563 3161 pro
1580 3077 1687 3139 anima

423 3206 479 3248 sua
506 3186 625 3268 legavit
649 3199 680 3248 et
704 3187 855 3263 donavit3
891 3187 940 3248 cui
975 3186 1048 3248 data
1072 3201 1119 3248 est
1143 3187 1233 3248 litera
1266 3186 1474 3268 privilegialis
1498 3205 1594 3266 super
1618 3203 1689 3266 pre-

423 3292 528 3353 missis
551 3305 707 3374 perpetuo
732 3292 944 3374 possidendis.

532 3399 608 3460 Item
642 3399 730 3480 quod
763 3400 838 3480 quia
872 3398 1033 3480 Georgius
1065 3397 1205 3462 frenator
1238 3400 1400 3481 quandam
1433 3399 1567 3460 domum
1600 3416 1691 3459 suam

426 3506 522 3567 simul
547 3525 620 3567 cum
654 3505 755 3567 fundo
792 3519 822 3566 et
854 3505 988 3567 edificiis
1020 3506 1183 3584 vendidit,
1215 3506 1297 3567 inter
1330 3506 1464 3567 domum
1498 3518 1528 3567 et
1554 3503 1690 3566 fundum

427 3631 564 3673 vacuum
581 3611 718 3673 condam
736 3631 799 3692 que
824 3610 986 3694 prefuerat
1010 3613 1120 3673 lacobi
1145 3611 1312 3690 carnificis,
1336 3615 1376 3674 ab
1399 3632 1463 3674 una
1488 3625 1577 3695 parte
1602 3610 1693 3672 vide·

427 3717 501 3779 licet
524 3717 664 3796 australi,
689 3732 720 3778 et
744 3718 826 3780 inter
850 3717 984 3779 domum
1015 3731 1046 3780 et
1076 3717 1213 3780 fundum
1245 3718 1374 3780 Andree
1398 3718 1520 3798 Twlar,
1545 3716 1690 3798 Georgio

427 3823 526 3885 sutori
543 3821 611 3884 filio
629 3822 795 3885 Michaelis
813 3825 1021 3908 Brylobrisyn
1040 3824 1126 3886 dicto
1148 3825 1187 3886 de
1205 3825 1364 3907 Popowcz
1388 3844 1447 3908 pro
1473 3837 1594 3906 septem
1621 3821 1691 3886 flor.

426 3929 514 4006 auri;
537 3929 587 3990 cui
613 3929 686 3991 data
710 3943 757 3991 est
780 3931 871 3992 litera
895 3951 990 4012 super
1014 3931 1176 4013 premissis
1198 3945 1355 4014 perpetuo
1380 3931 1592 4014 possidendis.

534 4035 612 4098 ltem
637 4035 725 4116 quod
757 4036 833 4118 quia
865 4036 1018 4098 Nicolaus
1049 4035 1134 4098 filius
1164 4037 1302 4099 condam
1333 4037 1462 4100 Thome
1494 4037 1534 4099 de
1559 4035 1690 4099 Bachun

427 4141 574 4204 vendidit
598 4141 762 4223 quandam
786 4143 914 4205 vineam
946 4163 1037 4204 suam
1070 4144 1152 4206 inter
1175 4144 1287 4206 vineas
1318 4145 1453 4207 Lowrelr
1478 4145 1519 4206 de
1543 4144 1615 4206 vico
1639 4163 1691 4205 su-

428 4262 545 4325 torum,
570 4268 586 4308 a
612 4262 700 4329 parte
737 4248 940 4309 meridionali
975 4270 1010 4310 ac
1046 4250 1127 4311 inter
1163 4251 1289 4312 vineam
1324 4251 1439 4313 Briccii
1463 4251 1557 4332 jurati
1591 4250 1691 4312 nostri

430 4353 576 4414 moderni
601 4367 632 4415 et
656 4353 787 4415 domine
813 4354 913 4416 Elene
930 4356 1088 4417 consortis
1111 4375 1178 4435 sue,
1203 4371 1325 4438 aparte
1349 4357 1614 4438 septemtrionali,
1632 4376 1691 4440 pro

429 4471 551 4540 septem
576 4471 607 4520 et
631 4459 740 4521 medio
765 4459 833 4523 flor.
867 4461 947 4539 auri,
981 4461 1106 4523 Simoni
1134 4464 1245 4524 sartori
1279 4461 1347 4524 filio
1379 4463 1517 4526 condam
1543 4464 1627 4526 Petri
1655 4462 1695 4525 de

431 4564 718 4648 Granosynopole3
742 4568 793 4627 cui
819 4566 892 4628 data
915 4581 962 4628 est
985 4567 1075 4629 litera
1100 4569 1309 4650 privilegialis
1332 4589 1426 4651 super
1450 4570 1622 4652 premissis.

537 4670 614 4732 ltem
638 4672 726 4753 quod
751 4673 827 4754 quia
852 4674 1089 4735 testamentaria
1107 4675 1272 4756 legacione
1297 4676 1435 4738 condam
1459 4676 1588 4738 Andree
1615 4677 1695 4738 olim

430 4776 545 4857 judicis
568 4775 626 4838 filii
652 4778 795 4840 Simonis
826 4780 988 4860 quandam
1022 4781 1212 4862 particulam
1249 4796 1331 4844 terre
1364 4803 1420 4845 sue
1444 4783 1575 4846 arabilis
1598 4802 1697 4866 penes

432 4881 566 4944 fluvium
592 4883 830 4946 Chernomercz
855 4899 1014 4964 vocato,a
1038 4901 1126 4968 parte
1144 4888 1347 4966 occidentali,
1372 4909 1471 4970 penes
1494 4903 1610 4952 terram
1629 4909 1696 4951 ara·

434 4989 532 5049 bilem
568 4989 743 5052 liberorum
778 5011 834 5052 seu
866 5012 1086 5054 successorum
1120 4995 1256 5056 condam
1292 4996 1389 5056 Lucie
1420 4996 1529 5057 relicte
1560 4997 1696 5057 condam
