3810 5806
812 553 898 610 Anno
921 565 1011 626 1520.
1457 574 1511 616 111

261 780 400 842 cumque
433 761 572 823 voluerit
604 762 851 844 disponendam.
884 761 917 823 ln
954 765 1044 824 cuius
1076 765 1119 825 rei
1154 765 1355 839 memoriam,
1379 764 1522 826 testimo·

258 868 358 947 nium,
382 866 632 950 firmitatemque
657 883 844 951 perpetuam
870 871 1071 950 presentibus
1095 870 1237 951 sigillum
1263 884 1408 932 nostrum
1435 889 1523 932 com·

257 994 354 1036 mune
386 975 538 1036 duximus
569 975 830 1057 appendendum.
867 976 984 1037 Datum
1017 974 1092 1038 leria
1126 978 1243 1058 quinta
1269 979 1414 1060 proxima
1452 991 1523 1060 post

256 1079 374 1142 festum
400 1080 639 1142 Decollacionis
665 1081 748 1143 beati
774 1081 940 1143 iohannis.
967 1085 1062 1144 Anno
1080 1082 1212 1144 Domini
1231 1083 1405 1146 millesimo
1431 1085 1524 1166 quin·

255 1186 438 1266 gentesimo
465 1187 635 1267 vigesimo.

364 1293 430 1354 Nos
462 1294 677 1356 communitas
709 1294 828 1356 civium
861 1295 999 1357 civitatis
1040 1297 1332 1377 Montisgrecensis.
1366 1295 1523 1357 Memorie

257 1399 525 1461 commendamus
549 1414 660 1461 tenore
684 1402 887 1482 presencium
916 1399 1133 1482 significantes
1158 1403 1276 1483 quibus
1300 1403 1429 1483 expedit
1455 1404 1524 1463 uui·

256 1506 365 1568 versis.
392 1505 489 1580 Quod
515 1525 575 1568 nos
599 1507 764 1588 quoddam
791 1505 888 1568 fenile
921 1521 1065 1570 nostrum
1098 1508 1181 1569 circa
1206 1507 1411 1569 calendinum
1437 1509 1522 1568 beati

256 1613 341 1675 Petri
366 1614 505 1696 apostoli
530 1591 704 1696 pertinens,
739 1615 821 1676 inter
852 1629 969 1677 terram
1001 1615 1157 1678 arabilem
1190 1615 1400 1696 providorum
1427 1615 1524 1706 Petri,

258 1719 377 1782 Mathei
402 1734 434 1783 et
458 1720 615 1782 Johannis
650 1720 783 1784 fratrum
817 1723 993 1784 carnalium
1028 1721 1224 1807 Bankoychy
1249 1737 1523 1804 nuncupatorum,

256 1829 296 1887 ab
321 1826 512 1888 occidentali
538 1841 639 1909 parte,
672 1841 703 1889 et
734 1827 816 1890 inter
846 1841 965 1889 terram
998 1843 1029 1890 et
1063 1827 1162 1890 fenile
1194 1829 1322 1911 providi
1347 1829 1406 1890 viri
1433 1829 1523 1890 Pauli

258 1932 463 2015 Banlrowych
489 1933 578 2012 dicti,
602 1953 620 1994 a
644 1934 898 2016 septemtrionali
924 1948 955 1996 et
979 1934 1183 1996 meridionali
1202 1935 1356 2016 partibus,
1381 1953 1417 1996 ac
1441 1935 1524 1996 inter

256 2053 374 2100 terram
398 2040 552 2101 arabilem
578 2039 698 2120 egregii
724 2039 848 2102 domini
879 2040 1072 2102 Balthasaris
1096 2040 1135 2101 de
1161 2040 1255 2122 Alap,
1280 2059 1297 2101 a
1323 2041 1407 2103 dicta
1433 2055 1523 2123 parte

256 2146 510 2228 septemtrionali
537 2159 569 2208 et
593 2145 735 2208 fanetum
760 2146 889 2228 providi
926 2161 956 2208 et
980 2146 1106 2207 honesti
1139 2147 1198 2207 viri
1232 2145 1316 2207 Petri
1342 2147 1458 2208 literati
1484 2150 1524 2208 ab

256 2251 405 2312 orientali
430 2264 519 2334 parte
544 2252 690 2314 habitum
719 2265 750 2314 et
777 2253 933 2330 existens,
958 2272 1053 2312 unam
1084 2271 1156 2313 cum
1187 2251 1293 2312 media
1318 2252 1419 2314 dietas
1442 2265 1524 2313 terre

257 2358 287 2418 iu
314 2377 346 2418 se
371 2359 550 2437 continens,
574 2358 671 2419 simul
688 2378 761 2419 cum
788 2360 941 2419 omnibus
958 2357 1102 2419 eiusdem
1126 2355 1232 2419 senilis
1257 2357 1459 2436 utilitatibus,
1477 2359 1522 2439 ju-

257 2465 355 2542 ribus,
380 2466 502 2544 usibus,
528 2465 765 2547 integritatibus
788 2481 818 2526 et
850 2466 1056 2547 pertinenciis
1088 2465 1246 2526 universis
1271 2463 1394 2546 prelato
1421 2465 1523 2525 Paulo

258 2587 289 2633 et
314 2573 458 2634 Fabiano
482 2593 602 2654 genero
627 2593 686 2634 suo
711 2593 769 2654 pro
794 2573 863 2636 flor.
897 2575 1053 2654 quinque,
1078 2585 1109 2634 et
1141 2593 1197 2656 per
1221 2573 1360 2633 eundem
1387 2573 1523 2634 Paulum

258 2679 395 2760 provido
428 2680 498 2740 viro
524 2679 688 2761 Stephano
714 2679 930 2762 Kelchewych
965 2681 1123 2742 moderno
1154 2679 1277 2740 decano
1302 2679 1447 2741 eiusdem
1473 2700 1523 2740 ca·

257 2787 392 2864 lendini,
417 2799 514 2868 prout
538 2787 674 2868 ipsemet
697 2805 805 2848 coram
831 2787 925 2848 nobis
950 2787 1068 2864 retulit,
1093 2786 1156 2866 jam
1181 2786 1240 2846 sibi
1267 2787 1362 2867 plene
1388 2784 1470 2846 datis
1493 2799 1524 2846 et

256 2893 439 2974 persolutis,
466 2892 672 2953 vendidimus
685 2906 755 2971 etc,
780 2911 815 2953 ac
840 2893 926 2954 iuxta
943 2891 1168 2954 condicionem
1195 2891 1331 2953 civitatis
1357 2907 1522 2973 prenotate

257 3000 296 3059 ab
331 2999 466 3080 antiquo
502 2999 745 3080 privilegialiter
780 3001 989 3081 approbatam
1037 2998 1347 3080 quomodocumque
1383 2998 1523 3059 voluerit

258 3105 508 3187 disponendum.
535 3106 652 3167 Datum
678 3105 756 3167 feria
780 3121 866 3167 sexta
899 3107 1043 3188 proxima
1069 3121 1141 3167 ante
1175 3103 1290 3166 festum
1317 3105 1524 3166 Ascensionis

259 3210 400 3272 Domini.
426 3217 522 3274 Anno
547 3213 679 3274 Domini
706 3214 880 3274 millesimo
908 3213 1170 3294 quingentesimo
1195 3212 1362 3292 vigesimo.

363 3319 430 3379 Nos
462 3320 679 3382 communitas
711 3320 830 3380 civium
871 3319 1008 3380 civitatis
1042 3319 1333 3400 Montisgrecensis.
1367 3317 1523 3379 Memorie

258 3425 537 3504 commendamus,
562 3426 649 3508 quod
684 3445 742 3488 nos
775 3427 937 3507 quandam
970 3425 1104 3487 domum
1138 3427 1226 3508 prius
1250 3425 1289 3484 ad
1316 3423 1522 3505 plebanatum

258 3532 390 3593 ecclesie
417 3545 523 3593 nostre
541 3532 734 3628 parochialis
752 3533 834 3593 beati
855 3532 953 3592 Marci
972 3531 1178 3612 ewangeliste
1196 3531 1423 3612 pertinentem,
1441 3529 1524 3590 inter

258 3637 391 3700 domurn
417 3639 551 3720 provide
584 3640 731 3700 mulieris
763 3638 1031 3721 Thwrchynycza
1063 3651 1193 3716 vocate,
1226 3638 1522 3720 aseptemtrionali

258 3759 359 3827 parte,
385 3759 416 3806 et
440 3745 523 3806 inter
546 3744 626 3807 duas
653 3747 721 3806 vias
753 3765 942 3807 communes
974 3748 1014 3807 ab
1046 3745 1237 3807 occidentali
1263 3759 1294 3806 et
1318 3745 1523 3807 meridionali

258 3851 412 3933 partibus,
436 3865 467 3913 et
490 3852 573 3914 inter
597 3852 718 3913 curiam
736 3851 797 3912 alie
822 3852 939 3913 domus
963 3867 1069 3914 nostre
1088 3852 1246 3914 metaliter
1270 3851 1464 3930 distinctam,
1483 3853 1522 3912 ab

258 3958 406 4020 orientali
432 3972 520 4040 parte
552 3957 695 4020 habitam
729 3973 759 4019 et
791 3959 991 4038 existentem,
1024 3977 1122 4019 unam
1155 3959 1311 4039 integram
1337 3959 1458 4020 curiam
1483 3959 1522 4020 ad

258 4082 352 4124 usum
378 4064 460 4125 dicte
485 4063 623 4125 civitatis
648 4064 680 4125 in
706 4084 739 4125 se
772 4065 1003 4143 continentem,
1036 4065 1132 4126 simul
1167 4084 1239 4126 cum
1265 4066 1417 4126 omnibus
1441 4066 1523 4126 eius-

259 4169 331 4230 dem
358 4169 474 4231 domus
499 4169 702 4249 utilitatibus,
727 4169 861 4251 juribus,
879 4171 1000 4248 usibus,
1019 4170 1255 4251 integritatibus
1272 4183 1302 4232 et
1314 4171 1524 4261 pertinenciis

259 4277 418 4338 universis
441 4277 579 4358 provido
604 4291 635 4338 et
660 4277 795 4338 honesto
820 4277 889 4338 viro
915 4276 1044 4338 Thome
1062 4277 1198 4338 institori
1225 4277 1419 4361 Mosnarkyn
1437 4278 1523 4339 dicto

259 4402 294 4444 sc
319 4402 376 4464 per
401 4401 474 4443 eum
506 4383 572 4442 suis
605 4382 778 4443 heredibus
810 4401 868 4465 pro
896 4381 965 4446 flor.
999 4383 1212 4464 quadraginta
1244 4383 1388 4464 quinque
1414 4397 1444 4445 et
1468 4403 1524 4465 per

260 4489 399 4552 eundem
426 4488 589 4550 Thomam
614 4489 708 4550 nobis
732 4509 788 4550 seu
814 4489 1039 4551 communitati
1058 4503 1164 4550 nostre
1183 4489 1275 4570 plene
1301 4490 1383 4550 datis
1406 4503 1437 4550 et
1454 4509 1522 4570 per·

259 4596 373 4658 solutis
395 4595 602 4657 vendidimus
627 4610 657 4658 et
682 4596 901 4676 inscripsimus
932 4595 1000 4676 jure
1035 4609 1191 4677 perpetuo
1216 4609 1247 4658 et
1272 4596 1524 4658 irrevocabiliter

260 4701 445 4779 tenendam,
470 4700 699 4782 possidendam
724 4701 842 4783 pariter
874 4715 904 4762 et
936 4700 1129 4764 habendam.
1156 4701 1274 4762 Datum
1308 4701 1386 4762 feria
1411 4703 1522 4783 quinta

260 4821 331 4868 ante
356 4805 472 4868 festum
500 4807 667 4868 beatorum
702 4806 842 4888 Philippi
875 4821 905 4868 et
937 4807 1048 4868 Jacobi
1080 4807 1312 4889 apostolorum.
1337 4812 1433 4868 Anno
1458 4807 1522 4868 Do-

261 4913 339 4974 mini
365 4912 541 4974 millesimo
566 4912 828 4993 quingentesimo
851 4913 1020 4993 vigesimo

367 5020 434 5081 Nos
465 5019 682 5080 communitas
713 5019 832 5080 civium
869 5020 1006 5080 civitatis
1043 5019 1333 5101 Montisgrecensis.
1367 5020 1523 5083 Memoria

1080 5121 1086 5144 r
