3804 5798
791 501 973 566 Inventaria.

251 717 375 778 rubrica
403 718 599 799 »capitulum
627 739 656 798 5.
680 716 720 779 de
744 718 882 800 pectoris
907 717 1026 779 ossium
1055 717 1311 799 assignacionee,
1335 733 1366 780 et
1390 719 1422 780 in
1446 717 1510 780 fine

252 823 354 884 ultimi
383 822 452 885 lolii
477 822 545 884 linit
571 837 645 884 »aut
669 841 744 884 vero
768 823 826 885 tibi
851 823 918 906 ipse
943 842 1029 884 cor«.

356 929 446 1008 ltem,
470 929 602 1011 quidem
627 929 708 991 liber
732 929 764 990 in
788 948 996 1011 pergameno,
1021 929 1090 992 sine
1113 930 1307 1011 copertori0,
1321 929 1361 992 de
1386 929 1512 1010 legibue

250 1037 485 1114 Romanorum,
510 1036 542 1097 in
566 1035 670 1118 prima
693 1035 810 1119 pagina
834 1036 930 1118 primi
952 1034 1022 1097 lolii
1048 1034 1184 1116 deletus,
1208 1047 1240 1098 et
1264 1036 1296 1097 in
1321 1034 1384 1097 fine
1410 1035 1513 1118 prime

249 1144 366 1225 pagine
389 1143 521 1205 secundi
546 1141 617 1204 lolii
641 1141 711 1205 finit
731 1161 824 1204 >nam
848 1142 938 1224 quod
955 1143 994 1204 ab
1018 1142 1120 1223 ipso«,
1145 1155 1176 1203 et
1199 1141 1231 1203 in
1256 1141 1319 1204 fine
1344 1142 1417 1204 libri
1442 1141 1513 1206 finit

253 1247 412 1311 »finitur«.

355 1354 444 1433 Item,
468 1354 601 1436 quidam
626 1353 707 1415 liber
739 1353 779 1416 de
811 1373 906 1436 parva
940 1353 1044 1414 littera
1077 1353 1199 1416 babens
1223 1354 1254 1414 in
1281 1353 1440 1435 principio
1464 1367 1510 1415 ta-

249 1461 358 1522 bulam
382 1461 560 1522 secundum
585 1459 732 1522 ordinem
758 1458 931 1542 alphabeti,
957 1460 1013 1540 qui
1038 1459 1149 1542 incipit
1174 1460 1206 1520 in
1223 1459 1348 1521 rubrica
1377 1458 1510 1541 ›lncipit

250 1566 406 1649 prologus
423 1567 496 1628 libri
515 1566 654 1644 Ysaalrc,
679 1581 709 1626 et
733 1565 873 1648 primum
891 1565 1067 1648 capitulum
1086 1565 1199 1648 incipit
1224 1565 1329 1628 »Cum
1354 1565 1456 1628 eciam
1475 1585 1512 1627 ex

248 1687 387 1754 quatuor
411 1672 580 1736 elementis
604 1671 815 1754 composita«.

358 1779 447 1858 ltem,
465 1798 548 1840 unus
572 1778 654 1840 liber
677 1778 710 1839 in
735 1777 915 1855 medicinis,
933 1777 988 1857 qui
1013 1777 1125 1858 incipit
1141 1795 1214 1838 cum
1239 1777 1366 1838 rubrica
1393 1775 1509 1859 »Capi-

247 1887 353 1948 tulum
377 1887 529 1969 primum,
554 1885 585 1946 in
609 1904 675 1966 quo
700 1897 746 1946 est
763 1883 996 1946 rememoracio
1014 1903 1153 1960 rerum«,
1178 1898 1208 1944 et
1232 1883 1344 1966 incipit
1368 1884 1509 1966 primum

248 1993 425 2076 capitulum
453 1993 611 2054 »Necesse
636 2005 682 2053 est
707 1989 765 2070 illi,
790 1990 845 2071 qui
870 1989 939 2050 vult
963 2008 1190 2072 componere«,
1216 2001 1247 2051 et
1271 1991 1303 2050 in
1328 1989 1430 2072 prima
1456 2009 1510 2071 pa·

246 2101 321 2181 gina
345 2098 477 2161 secundi
503 2096 573 2160 lolii
599 2095 669 2159 linit
697 2109 763 2158 >est
786 2095 841 2158 ille
866 2115 932 2177 quo
957 2097 1126 2178 probante.

354 2205 443 2284 ltem,
467 2203 601 2286 quidam
626 2204 708 2264 liber
732 2203 763 2264 in
789 2201 969 2280 medicinis,
986 2201 1055 2263 sine
1079 2201 1293 2284 coopertorio,
1318 2202 1373 2282 qui
1398 2201 1511 2284 incipit

247 2315 279 2374 in
304 2313 409 2394 primo
434 2311 576 2394 capitulo
604 2309 783 2372 »Medicina
809 2309 963 2370 dividitur
987 2306 1116 2369 induas
1140 2322 1277 2390 partes«,
1302 2322 1333 2370 et
1357 2308 1388 2369 in
1406 2309 1509 2391 prima

245 2419 363 2502 pagina
387 2418 519 2480 secundi
544 2416 614 2479 lolii
639 2415 707 2478 finit
735 2435 791 2478 ›ex
815 2429 936 2496 septem
962 2415 1057 2475 rebus
1081 2415 1333 2496 superioribus‹.

352 2526 441 2604 Item,
458 2524 592 2606 quidam
610 2523 701 2601 liber,
718 2523 864 2584 similiter
876 2522 943 2583 sine
961 2521 1155 2603 copertorio,
1173 2522 1205 2582 in
1224 2521 1402 2600 medicinis,
1419 2521 1509 2582 cuius

245 2632 349 2714 prime
385 2631 501 2714 pagine
537 2631 642 2693 littere
675 2649 740 2691 non
782 2642 954 2711 apparent,
987 2627 1078 2689 cuius
1123 2628 1225 2710 prima
1258 2628 1360 2690 littera
1395 2640 1441 2689 est
1476 2627 1508 2689 S.

245 2756 411 2819 magnum,
435 2737 587 2819 scriptum
614 2755 687 2798 cum
711 2735 876 2796 cenubrio.

351 2844 439 2922 ltetn,
464 2843 596 2924 quidam
633 2842 714 2904 liber
751 2853 920 2923 corruptus
952 2853 983 2902 et
1015 2837 1154 2900 laniatus
1185 2838 1215 2898 in
1252 2851 1391 2919 quatuor
1422 2837 1508 2900 loliis

244 2951 367 3034 primia,
392 2951 442 3011 cui
468 2950 500 3011 in
525 2948 588 3010 fine
612 2948 685 3010 libri
718 2948 871 3030 scriptum
908 2958 954 3007 est
989 2963 1062 3007 cum
1087 2945 1212 3006 rubrica
1240 2944 1400 3027 »Explicit
1423 2944 1505 3006 liber

244 3059 401 3120 dictarum
428 3055 691 3117 universalium«.

351 3162 439 3242 ltetn,
472 3160 604 3243 quidam
638 3160 719 3222 liber
751 3159 907 3220 lobannis
938 3157 979 3220 de
1010 3172 1120 3220 sancto
1153 3157 1314 3234 Amando,
1339 3169 1370 3218 et
1396 3155 1508 3238 incipit

243 3269 383 3350 primum
409 3267 586 3350 capitulum
614 3265 795 3348 ›Operacio
831 3264 1025 3342 medicine«,
1058 3277 1088 3325 et
1119 3264 1150 3324 in
1176 3262 1238 3324 fine
1263 3264 1365 3346 prime
1391 3261 1507 3344 pagine

242 3373 375 3437 secundi
400 3373 469 3436 lolii
494 3371 564 3435 linit
590 3385 678 3434 »esto
703 3371 807 3434 multo
833 3371 967 3452 magiae.
