3810 5806
800 567 988 627 Inventari'a.
1470 586 1527 648 143

261 779 462 862 posicionem
489 779 620 842 simboli
653 793 684 841 et
716 792 885 841 tractatum
919 793 1029 840 contra
1062 798 1185 842 errores
1219 777 1396 840 Grecorum
1429 780 1528 842 sancti

263 885 392 948 Thornc
417 885 456 946 de
482 885 624 968 Aquino,
654 899 684 946 et
716 885 834 947 librum
868 887 1009 947 virorum
1043 885 1216 948 illustrium
1250 883 1332 947 beati
1359 885 1526 964 Jeronimi,

261 993 316 1073 qui
341 992 470 1075 incipit:
500 991 636 1054 »Utrum
661 991 880 1074 principaliter
910 991 988 1053 alias
1019 992 1205 1070 scienciass,
1238 1005 1268 1052 et
1300 991 1332 1053 in
1365 989 1429 1054 fine
1452 992 1527 1054 libri

260 1097 347 1163 finit:
378 1103 495 1161 »Anno
519 1098 754 1160 incarnacionis
780 1097 954 1160 millesimo
983 1097 1040 1161 CC
1065 1098 1314 1180 quadragesimo
1338 1097 1395 1160 V.‹

369 1203 447 1266 ltem
471 1203 554 1266 liber
577 1203 766 1266 sentilarum
790 1208 856 1280 (sic)
882 1203 920 1264 de
946 1204 1079 1266 diversis
1102 1204 1335 1282 voluminibus,
1360 1219 1390 1265 et
1414 1191 1527 1287 incipit

261 1309 293 1370 in
318 1309 429 1392 nigro:
458 1309 639 1372 »Dominus
674 1309 753 1372 dicit
787 1309 818 1370 in
856 1310 1070 1391 ewangelio«,
1106 1323 1137 1372 et
1168 1311 1200 1372 in
1233 1308 1296 1372 fine
1327 1310 1400 1372 libri
1436 1307 1530 1372 finit:

264 1416 382 1478 »sancti
407 1435 443 1478 ac
467 1415 668 1479 venerabiles
695 1413 788 1478 filii«.

366 1520 445 1583 Item
469 1521 551 1583 liber
573 1521 695 1587 Isodori
721 1521 760 1583 de
785 1541 913 1584 summo
938 1523 1037 1600 bon0,
1070 1521 1109 1583 de
1141 1522 1231 1586 litera
1256 1522 1399 1604 antiqua,
1424 1537 1455 1584 et
1471 1523 1527 1588 ¹in-

260 1629 356 1712 cipit:
383 1629 574 1692 »Summum
598 1630 754 1707 bonum«,
778 1642 809 1690 et
834 1628 865 1690 in
898 1627 961 1690 fine
994 1627 1090 1690 habet
1122 1629 1219 1690 vitam
1252 1627 1336 1690 beati
1366 1626 1526 1709 Gregorii.

366 1736 444 1798 ltem
468 1735 550 1797 liber
577 1735 778 1818 Enkiridyon
803 1735 887 1796 beati
912 1735 1096 1817 Augustini,
1119 1749 1150 1797 et
1184 1734 1313 1816 incipit:
1343 1733 1432 1796 »Dici
1458 1753 1523 1795 non

260 1855 364 1924 potest
387 1841 593 1904 dilectissime
618 1840 696 1917 filie,
734 1854 764 1903 et
796 1853 842 1902 est
874 1840 914 1902 de
938 1841 1029 1903 litera
1062 1841 1204 1923 antiqua,
1239 1839 1409 1902 continens
1434 1840 1466 1902 in
1492 1860 1527 1900 se

259 1949 377 2010 librum
403 1948 627 2031 pirosticorum
653 1948 797 2011 eiusdem
823 1961 854 2009 et
878 1961 1046 2009 tractatum
1072 1947 1209 2009 Pascasii
1234 1961 1264 2008 et
1288 1959 1459 2008 tractatum
1486 1945 1526 2006 de

259 2073 387 2116 summo
412 2057 500 2117 bono
525 2055 709 2136 Augustini,
735 2054 903 2116 continens
926 2054 1027 2116 eciam
1052 2053 1211 2115 homelias
1235 2052 1391 2115 iohannis
1415 2051 1526 2115 Griso·

258 2161 366 2240 atomi,
391 2175 421 2222 et
445 2162 476 2222 in
502 2159 566 2224 fine
590 2162 663 2224 libri
682 2161 752 2224 finit
776 2181 849 2224 curn
867 2161 1012 2224 rubrica:
1033 2161 1193 2244 »Explicit
1209 2178 1314 2222 sermo
1340 2159 1380 2221 de
1405 2160 1525 2221 Trans·

258 2265 489 2348 figuracionec.

365 2373 442 2436 Item
476 2375 652 2458 dyalogum
684 2375 767 2436 beati
803 2373 972 2456 Gregorii,
1004 2374 1036 2434 in
1068 2371 1131 2435 fine
1166 2374 1334 2436 continens
1365 2373 1524 2456 pastorale

258 2479 413 2560 eiusdem,
438 2495 469 2542 et
493 2481 605 2563 incipit
629 2500 701 2543 cum
726 2481 852 2543 rubrica
876 2481 916 2542 de
942 2479 1105 2541 miraculis
1129 2479 1324 2558 italicorum,
1349 2492 1380 2541 et
1404 2479 1437 2541 in
1463 2478 1525 2541 fine

257 2586 361 2667 prime
386 2587 505 2668 pagine
528 2587 662 2648 secundi
687 2585 756 2648 solii
780 2586 867 2650 finit:
898 2585 1178 2668 »inpletur,habet
1201 2587 1325 2665 enim«,
1350 2600 1381 2648 et
1407 2587 1438 2648 in
1463 2585 1525 2648 fine

257 2692 330 2754 libri
355 2691 441 2756 finit:
473 2693 722 2774 »benignissime
748 2690 893 2775 pater.‹¹

366 2799 444 2862 Item
469 2800 550 2861 liber
575 2799 799 2861 Bouaventure
831 2819 927 2881 super
961 2801 1064 2882 primo
1097 2800 1315 2876 Summarum,
1342 2813 1372 2860 et
1397 2798 1525 2880 incipit:

262 2902 445 2966 ›Profunua
470 2905 657 2967 flucciorum
682 2906 850 2980 scultare‹,
868 2921 898 2967 et
923 2907 954 2967 in
976 2905 1039 2968 fine
1057 2908 1158 2988 prime
1177 2907 1293 2988 pagine
1316 2905 1448 2966 secundi
1467 2904 1524 2966 filii

260 3008 348 3072 finit:
377 3011 491 3093 »primi
516 3011 589 3073 libri
614 3013 940 3094 perscrutaciouem«,
970 3011 1092 3074 habens
1124 3013 1156 3073 in
1188 3011 1251 3074 fine
1275 3011 1414 3093 capitula
1440 3012 1522 3072 eius-

263 3115 337 3177 dem
361 3117 478 3198 operis,
501 3131 532 3178 et
556 3117 627 3180 finit
651 3118 683 3179 in
707 3117 769 3178 fine
802 3118 894 3181 libri:
930 3117 1133 3180 »dulcissima
1167 3131 1269 3180 mater
1293 3118 1361 3178 eius
1385 3117 1522 3178 doluitc

369 3223 447 3285 ltem
471 3243 555 3286 unus
578 3224 660 3286 alius
683 3224 764 3285 liber
788 3223 828 3284 de
852 3225 962 3306 pulcra
988 3224 1090 3303 litera,
1115 3238 1252 3286 tractans
1277 3222 1317 3284 de
1342 3222 1404 3284 fine
1431 3221 1523 3284 fundi

261 3327 287 3410 (P
311 3328 449 3410 mundi),
473 3329 701 3391 concordando
733 3345 823 3392 vetus
855 3345 885 3392 et
917 3349 1039 3391 novum
1070 3343 1308 3408 testamentum,
1341 3343 1372 3390 et
1396 3328 1524 3410 incipit:

266 3435 371 3510 »Quia
397 3437 588 3498 labentiset
612 3437 745 3518 perituri
770 3435 901 3514 seculn,
924 3450 954 3498 et
979 3436 1011 3496 in
1036 3435 1099 3498 fine
1122 3435 1225 3518 prime
1249 3436 1365 3518 pagine
1390 3435 1523 3496 secundi

261 3540 331 3603 lolii
356 3541 442 3606 finit:
471 3543 581 3625 »plura
605 3543 720 3625 scripta
745 3557 819 3604 sunt
841 3543 873 3604 in
891 3543 1041 3621 divinis«,
1067 3557 1097 3604 et
1121 3543 1152 3605 in
1171 3541 1233 3603 fine
1250 3542 1323 3604 libri
1349 3541 1434 3604 finit:
1464 3543 1522 3604 »ad

261 3668 357 3729 regna
382 3648 509 3710 celestia
533 3649 710 3731 pervenire.
737 3654 872 3712 Amen«

369 3755 445 3816 ltem
470 3774 554 3816 unus
577 3755 658 3816 liber
683 3753 786 3817 fratris
812 3755 918 3836 Egidii
943 3755 983 3816 de
1005 3754 1150 3836 Corpore
1176 3753 1295 3816 Christi
1321 3767 1468 3832 tractans,
1493 3769 1524 3816 et

261 3859 373 3942 incipit
397 3861 428 3922 in
446 3861 556 3942 nigro:
584 3861 689 3935 »Quia
715 3861 795 3922 inter
820 3875 924 3924 cetera
941 3876 1138 3923 sacramenta
1164 3861 1329 3939 ecclesie«,
1355 3874 1385 3921 et
1410 3861 1440 3921 in
1459 3858 1522 3922 fine

261 3966 363 4047 prime
387 3966 503 4048 pagine
527 3967 660 4028 secundi
686 3965 755 4028 lolii
780 3965 866 4030 finit:
895 3967 969 4029 »sed
987 3980 1117 4050 propter
1130 3967 1265 4028 modum
1289 3967 1520 4049 procedendi«,

261 4089 292 4135 et
316 4075 347 4136 in
373 4072 437 4136 fine
453 4073 526 4136 libri
551 4072 637 4136 finit:
667 4074 753 4135 »eius
777 4075 864 4155 quod
890 4087 1040 4152 estesse,
1074 4073 1212 4135 multum
1237 4086 1283 4134 est
1306 4093 1405 4136 esser.

365 4178 443 4240 Item
468 4178 550 4240 liber
575 4181 630 4260 qui
655 4179 854 4262 appellatur:
878 4199 960 4262 opus
977 4191 1144 4241 cantorum
1163 4179 1402 4257 Parisiensium,
1427 4193 1458 4240 et
1476 4179 1521 4240 iu-

260 4285 337 4368 cipit
360 4285 392 4346 in
410 4285 512 4348 libro:
534 4284 695 4347 »Verbum
713 4287 911 4347 abreviatum
930 4285 1005 4348 lecit
1022 4285 1206 4364 dominus«,
1224 4299 1255 4348 et
1279 4286 1310 4346 in
1336 4284 1399 4348 fine
1417 4285 1520 4367 prime

259 4392 375 4473 pagine
400 4391 532 4452 secundi
558 4389 626 4452 lolii
653 4391 738 4455 finit:
766 4393 1015 4474 »patrimonium
1049 4392 1319 4470 lhesuChristi‹,
1344 4393 1431 4454 etin
1458 4389 1521 4453 fine

259 4495 332 4557 libri
356 4493 444 4558 finit:
472 4495 632 4578 »primunr
656 4495 905 4578 perlectorum«.

365 4602 443 4664 ltem
469 4603 626 4686 Sumpma
650 4602 806 4665 iohannis
831 4605 905 4666 Bele
931 4605 970 4666 de
991 4605 1155 4666 reddenda
1180 4605 1308 4666 racione
1334 4604 1520 4665 divinorum

260 4705 453 4786 officiorum,
479 4720 510 4770 et
533 4707 646 4790 incipit
670 4709 703 4770 in
737 4710 848 4790 nigro:
885 4710 938 4770 »ln
971 4709 1133 4792 primitiva
1167 4710 1317 4772 ecclesia«
1348 4723 1379 4770 et
1403 4709 1434 4769 in
1459 4706 1521 4768 fine

259 4813 361 4895 prime
386 4814 502 4896 pagine
527 4814 634 4876 ultimi
658 4815 716 4877 filii
741 4815 829 4878 finit:
865 4817 1049 4878 »Heremita
1074 4817 1185 4879 docuit
1209 4817 1411 4898 Thaydem.‹

365 4918 440 4981 ltem
469 4940 551 4982 unus
584 4920 714 4983 libellus
745 4922 785 4984 de
818 4923 1046 4984 Declaracione
1079 4921 1260 4985 difficilium
1293 4924 1464 4984 verborum
1491 4936 1522 4984 et

370 5057 428 5113 ¹In
446 5059 577 5132 margine
596 5061 652 5116 alia
671 5079 772 5118 manu:
793 5063 889 5134 Quam
911 5063 998 5118 habet
1018 5062 1151 5118 dominus
1167 5063 1296 5135 Jacobus
1314 5061 1484 5135 episcopus.
