3840 5800
405 829 435 893 7.
459 807 592 870 Domini
618 805 738 870 Mathie
763 806 903 869 cantoris
928 805 996 869 flor.
1019 805 1086 868 llll.

406 915 435 981 8.
460 913 604 996 Magistri
630 913 720 976 Pauli
746 913 786 974 de
812 913 973 996 Ywanycz
999 911 1146 973 canonici
1174 911 1242 974 flor.
1266 910 1319 972 xl.

405 1042 435 1103 9.
459 1021 592 1084 Domini
625 1020 842 1103 capitulariter
873 1020 1058 1101 congregati
1091 1019 1123 1080 in
1159 1019 1300 1080 sacristia
1333 1018 1491 1080 dederunt
1524 1016 1564 1078 ad

301 1146 415 1190 manus
432 1147 519 1190 meas
537 1128 690 1210 pecunias
707 1125 848 1208 magistri
866 1126 1190 1208 lohannisotgauiste
1214 1125 1283 1188 flor.
1301 1125 1475 1206 nonaginta
1492 1138 1563 1186 tres.

406 1233 648 1315 tamquarm
681 1233 815 1295 rusticus
848 1231 887 1293 de
921 1232 997 1294 villa
1030 1232 1229 1294 Chutlrowcz
1260 1231 1399 1312 condam
1424 1229 1560 1291 colonus

300 1338 424 1402 domini
451 1338 606 1402 lohannis
629 1338 849 1402 archidiaconi
878 1339 1113 1417 warasdiensis,
1136 1338 1207 1402 flor.
1231 1338 1266 1403 11.

405 1445 484 1511 Item
509 1447 653 1527 magistri
678 1446 834 1508 Johannis
857 1446 1001 1507 custodis
1024 1445 1094 1510 flor.
1119 1445 1190 1510 llll.

405 1550 484 1614 ltem
509 1551 634 1613 domini
659 1551 792 1632 Georgii
817 1551 1035 1613 archidiaconi
1068 1551 1108 1614 de
1133 1552 1232 1613 Bexin
1257 1551 1327 1614 llor.
1352 1552 1449 1615 Lxx.

406 1656 484 1719 ltem
517 1657 623 1719 Bacha
656 1655 823 1728 familiaris
854 1657 992 1720 condam
1029 1657 1153 1721 domini
1187 1657 1341 1740 Stephani
1373 1656 1564 1740 suffraganei

301 1761 368 1828 flor.
393 1763 429 1826 ll.

406 1869 485 1932 ltem
518 1871 641 1933 domini
678 1869 833 1953 Stephani
873 1871 1086 1953 suffraganei,
1118 1847 1338 1954 pre-positique
1370 1870 1565 1933 chasmensis

301 1975 370 2040 flor.
396 1977 518 2040 decent.
1495 2045 1499 2052 ,

406 2081 483 2144 ltem
508 2083 661 2146 domiuus
685 2084 831 2146 Andreas
856 2085 995 2146 vicarius
1020 2085 1050 2146 in
1085 2085 1228 2166 quodam
1252 2098 1444 2146 testamento
1469 2103 1564 2166 zago-

303 2187 398 2249 riensi
424 2189 510 2251 misit
533 2189 573 2251 ad
599 2209 648 2250 me
673 2203 728 2272 per
746 2189 924 2273 Georgium
949 2190 1089 2272 judicem
1114 2191 1184 2255 flor.
1211 2191 1246 2255 ll.

407 2295 485 2358 ltem
511 2296 636 2358 domini
663 2297 818 2359 lobannis
850 2297 988 2359 condam
1014 2297 1142 2380 plebani
1175 2297 1214 2359 de
1239 2297 1409 2359 Petrovina
1434 2297 1503 2359 flor.
1528 2297 1565 2361 V.

910 2404 1043 2466 Summa
1067 2403 1233 2485 hucusque
1257 2403 1327 2466 flor.
1352 2402 1519 2468 V⁰XVllll.

889 2584 979 2644 ¹5⁰5·

408 2704 482 2766 Post
516 2703 631 2767 festum
666 2705 883 2768 Exaltacionis
914 2719 1021 2767 sancte
1055 2703 1178 2784 Crucis,
1211 2704 1335 2766 domini
1360 2705 1392 2765 in
1423 2702 1564 2766 sacristia

300 2811 543 2892 assignaverunt
568 2813 640 2874 misi
673 2813 741 2875 flor.
773 2813 930 2894 quinque,
963 2832 1044 2894 quos
1074 2812 1191 2892 legavit
1223 2811 1336 2873 Berlek
1369 2808 1500 2872 Godecz
1525 2809 1564 2872 de

302 2917 491 2979 Yuanarelta
514 2931 625 2980 sancto
650 2920 716 3000 regi
742 2917 917 3001 Stephano.

405 3025 483 3086 Item
509 3026 541 3086 in
567 3025 677 3107 vigilia
701 3025 885 3088 Nativitatis
909 3026 1055 3105 Domini,
1088 3045 1173 3088 anno
1197 3025 1423 3108 suprascripto,
1448 3025 1563 3086 iterum

299 3128 398 3191 iidem
424 3129 548 3192 domini
573 3131 817 3212 assignaverunt
840 3131 919 3192 tnihi
944 3131 1013 3195 flor.
1037 3133 1192 3214 quinque,
1217 3151 1299 3214 quos
1323 3132 1362 3194 N.
1388 3151 1467 3194 uxor
1491 3151 1562 3212 pre·

300 3233 356 3296 fati
381 3237 495 3298 Berlek
520 3237 652 3299 ecclesie
678 3258 701 3300 s.
726 3238 810 3320 regis
832 3237 986 3320 Stephani
1010 3239 1138 3320 legavit.

884 3399 976 3479 1506.

405 3538 454 3619 (ln
479 3538 572 3621 festo)
597 3541 740 3602 Barnabe
765 3541 913 3623 apostoli,
938 3542 1088 3625 magister
1113 3544 1260 3606 Matheus
1284 3543 1437 3622 notarius,
1461 3563 1560 3605 cano·

300 3643 401 3724 nicus,
415 3661 564 3707 executor
578 3647 721 3727 magistri
737 3645 910 3708 lheronimi
928 3649 1087 3728 organiste
1105 3649 1194 3711 dedit
1212 3650 1279 3715 flor.
1298 3649 1361 3730 llll,
1375 3670 1456 3731 quos
1473 3650 1559 3712 idem

302 3749 463 3830 legaverat
488 3753 619 3813 ecclesie
645 3753 744 3814 sancti
770 3754 852 3834 regis
878 3753 1042 3837 Stephani.

885 3932 975 4000 1507.

407 4038 558 4119 Magister
584 4038 730 4100 Matheus
759 4039 911 4117 notarius,
943 4041 1117 4102 canonicus
1149 4043 1376 4124 zagrabiensis,
1400 4045 1455 4126 qui
1481 4045 1562 4106 obiit

301 4144 332 4204 in
357 4141 437 4204 sesto
462 4144 644 4204 Nativitatis
669 4143 786 4206 Christi
817 4145 934 4226 legavit
966 4165 1023 4227 pro
1055 4149 1188 4210 ecclesia
1222 4149 1399 4211 kathedrali
1425 4151 1494 4214 flor.
1520 4151 1559 4212 X.

300 4249 379 4312 ltem
405 4269 506 4310 unum
531 4270 586 4310 vas
610 4251 687 4330 vini,
712 4251 800 4332 quod
825 4266 872 4312 est
892 4252 1057 4313 venditum
1084 4253 1152 4316 flor.
1168 4275 1238 4334 sex;
1264 4256 1351 4317 coria
1375 4257 1470 4318 tritici
1495 4253 1561 4334 llll,

299 4371 329 4417 et
354 4356 379 4416 ll
405 4356 492 4416 larda
517 4371 590 4417 sunt
615 4356 687 4417 data
709 4356 748 4417 ad
773 4357 905 4418 calicem
931 4358 962 4419 in
989 4359 1208 4442 Megereyche.

406 4461 500 4524 Circa
533 4481 675 4523 mensem
708 4461 910 4524 decembrem
944 4465 1030 4542 anni,
1064 4465 1114 4527 vel
1146 4481 1228 4548 post,
1261 4481 1407 4530 mortuus
1439 4483 1484 4528 est
1509 4469 1561 4530 Jo-

300 4569 422 4630 hannes
446 4569 586 4649 claviger
609 4587 665 4628 seu
690 4588 786 4630 cocus
819 4570 944 4631 domini
978 4572 1011 4634 P.
1042 4572 1260 4635 archidiaconi
1292 4575 1479 4654 goricensis,
1504 4575 1560 4656 qui

299 4676 419 4758 legavit
443 4676 482 4736 ad
506 4689 697 4737 structuram
722 4677 855 4738 ecclesie
880 4677 1084 4756 kathedralis‚
1110 4693 1143 4741 ut
1166 4682 1331 4762 sequitur:

407 4782 568 4843 Dominus
593 4781 739 4843 Matheus
767 4783 908 4845 decanus
939 4785 1227 4866 prebendariorum
1261 4788 1292 4848 in
1319 4785 1400 4850 festo
1424 4789 1560 4870 Appari·

301 4889 403 4950 cionis
427 4889 526 4949 sancti
554 4889 719 4950 Michaelis
743 4891 916 4970 assignavit
941 4890 1019 4951 mihi
1054 4891 1122 4954 flor.
1146 4912 1200 4952 sex
1225 4893 1348 4974 legatos
1372 4913 1428 4976 per
1451 4913 1559 4975 supra·

299 4995 452 5077 scriptum
479 4995 658 5056 lohannem
684 5015 808 5058 cocum.
838 4997 928 5076 1508.

1152 5087 1285 5148 Summa
1310 5086 1385 5151 fecit
1410 5087 1515 5156 VllvV.
