3842 5802
414 577 432 636 6
943 555 1145 650 Ann01472.

413 793 496 852 dicta
518 790 646 852 civitate
671 802 701 850 et
725 790 807 850 inter
832 785 949 848 fundos
977 789 1017 848 ab
1051 805 1125 864 una,
1157 784 1309 847 videlicet
1341 785 1490 848 orientali
1517 799 1605 868 parte
1631 806 1680 847 ec·

412 898 509 959 clesie
532 915 588 956 seu
619 895 743 977 capelle
777 895 869 956 beate
903 893 1078 954 Katherine
1110 891 1244 973 virginis
1277 905 1308 952 et
1342 891 1484 953 martiris
1509 891 1680 969 Christi,a

413 1016 502 1088 parte
526 1021 603 1064 vero
628 1001 821 1064 occidentali
846 1001 928 1082 inter
952 997 1088 1061 fundum
1112 998 1171 1060 viri
1196 998 1334 1060 condam
1359 998 1488 1080 providi
1515 997 1681 1059 Michaelis

414 1109 587 1172 Teutonici
621 1105 882 1170 Mothonhawser
913 1105 989 1167 dicti
1013 1105 1156 1167 habitam
1189 1117 1219 1166 et
1243 1104 1444 1182 existentem,
1470 1103 1550 1165 duas
1574 1104 1675 1165 curias

413 1216 583 1296 integrales
600 1214 639 1276 ad
657 1234 750 1276 usum
768 1211 904 1274 civitatis
922 1209 1042 1293 prefate
1067 1211 1099 1272 in
1119 1232 1151 1271 se
1176 1210 1407 1290 continentem,
1426 1210 1532 1293 ipsum
1556 1209 1677 1270 scilicet

414 1321 598 1383 Dionisium
625 1318 793 1402 Sypchych
818 1339 835 1379 a
860 1318 998 1379 condam
1023 1317 1158 1400 provida
1182 1331 1213 1378 et
1241 1315 1374 1378 honesta
1399 1316 1534 1376 muliere
1561 1315 1674 1376 Vrsula

414 1441 525 1490 vocata
558 1426 666 1488 relicta
691 1426 749 1486 viri
774 1423 911 1486 condam
937 1423 1063 1506 providi
1088 1437 1120 1484 et
1149 1422 1273 1484 honesti
1301 1421 1420 1484 Mathis
1445 1421 1577 1483 sartoris
1600 1421 1677 1482 olim

413 1533 506 1615 jurati
524 1545 555 1594 et
579 1531 720 1593 concivis
744 1530 854 1608 nostri,
879 1529 936 1591 filii
960 1529 1124 1611 Stephani,
1142 1528 1219 1590 olim
1238 1528 1385 1588 similiter
1408 1527 1544 1590 concive
1562 1541 1679 1606 nostra,

413 1653 480 1701 turn
505 1658 564 1721 pro
586 1637 727 1720 quadam
753 1638 814 1698 alia
840 1637 940 1698 domo
964 1657 1020 1698 sua
1046 1635 1299 1718 permutacionis
1327 1633 1432 1712 titulo,
1456 1653 1554 1716 quam
1577 1635 1678 1695 eciam

412 1765 470 1828 pro
495 1740 717 1806 additamento
742 1743 854 1806 decern
878 1742 947 1805 flor.
975 1743 1042 1804 auri
1077 1741 1254 1803 literatorie
1287 1754 1470 1822 tangentem
1497 1753 1528 1802 et
1552 1760 1679 1802 concer-

413 1865 554 1930 nentem,
590 1864 687 1934 prout
717 1850 778 1912 hoc
811 1851 843 1911 in
873 1850 1013 1931 quadam
1046 1849 1137 1910 litera
1170 1861 1276 1910 nostra
1312 1868 1368 1909 seu
1401 1847 1537 1910 civitatis
1559 1847 1679 1930 prefate

412 1957 604 2040 privilegiali
629 1961 775 2039 tempor'e
799 1955 952 2018 videlicet
975 1955 1134 2036 judicatus
1158 1955 1216 2016 viri
1247 1954 1379 2036 providi
1404 1968 1435 2016 et
1459 1954 1678 2036 circumspecti

413 2063 569 2125 Anthonii
602 2063 737 2126 senioris
770 2062 885 2145 judicis
916 2077 946 2122 et
978 2061 1120 2123 concivis
1150 2061 1250 2122 nostri
1283 2059 1339 2121 filii
1373 2060 1502 2122 Thome
1530 2060 1570 2122 de
1594 2080 1679 2122 anno

413 2171 544 2232 Domini
570 2171 745 2232 millesimo
770 2169 1092 2251 quadringentesimo
1124 2168 1324 2250 sexagesimo
1350 2169 1456 2250 primo
1482 2167 1560 2230 feria
1583 2169 1679 2230 tercia

412 2277 557 2360 proxima
582 2289 655 2338 ante
680 2275 796 2338 festum
822 2277 990 2337 beatorum
1014 2275 1154 2357 Philippi
1181 2288 1212 2336 et
1229 2275 1340 2336 Jacobi
1365 2274 1599 2358 apostolorum,
1622 2275 1679 2336 ali-

411 2382 568 2463 quamdiu
592 2381 762 2464 preteritis,
786 2401 844 2464 pro
877 2395 966 2463 parte
999 2381 1098 2462 ipsius
1123 2381 1270 2464 Dyonisii
1304 2381 1472 2464 Sypchych
1506 2381 1677 2464 superinde

412 2489 556 2552 confecta
582 2503 612 2550 et
636 2503 782 2550 emanata
808 2509 845 2549 ac
869 2507 977 2550 coram
1009 2488 1103 2548 nobis
1128 2489 1159 2549 in
1183 2489 1288 2570 specie
1321 2487 1465 2550 exhibita
1490 2502 1521 2550 et
1545 2489 1679 2550 demon-

412 2610 507 2658 strata
530 2595 593 2686 fide
618 2596 776 2657 contineri
801 2595 941 2656 vidimus
965 2595 1103 2673 oculata,
1135 2595 1230 2656 simul
1256 2614 1329 2656 cum
1353 2596 1507 2657 omnibus
1533 2595 1676 2656 eiusdem

412 2703 529 2764 domus
542 2722 597 2764 sue
612 2715 746 2780 murare,
771 2701 928 2784 fundique
942 2715 972 2763 et
989 2701 1223 2780 hedificiorum,
1237 2700 1316 2762 duas
1335 2715 1367 2762 ut
1386 2701 1565 2783 predicitur
1578 2702 1682 2762 curias

412 2808 582 2889 integrales
605 2808 644 2870 ad
663 2827 756 2870 usum
782 2807 864 2869 dicte
882 2809 1016 2870 civitatis
1035 2809 1066 2869 in
1095 2828 1127 2869 se
1144 2808 1375 2888 continentem,
1400 2808 1487 2890 (curn
1511 2808 1674 2891 omnibus)

412 2915 614 2993 utilitatibus,
638 2914 772 2995 juribus,
798 2914 918 2992 usibus,
943 2913 1237 2993 fructuositatibus,
1266 2915 1506 2996 integritatibus
1531 2930 1561 2976 et
1584 2915 1681 2996 perti·

411 3022 533 3083 nenciis
558 3021 715 3082 universis
739 3021 878 3082 claustro
903 3041 958 3083 seu
984 3021 1180 3083 monasterio
1197 3021 1330 3083 ecclesie
1349 3022 1435 3083 beati
1460 3021 1585 3083 Nicolai
1604 3041 1680 3083 con·

410 3127 539 3190 fossoris
563 3127 719 3208 Zagrabie
745 3141 928 3190 constructo
958 3141 988 3188 et
1014 3127 1158 3206 fundate,
1183 3141 1214 3190 et
1230 3148 1286 3209 per
1303 3147 1505 3208 consequens
1530 3125 1680 3190 iratribus

412 3234 557 3295 eiusdem
583 3233 711 3295 claustri
736 3254 792 3294 seu
824 3235 1011 3296 monasterii
1045 3235 1179 3296 ecclesie
1212 3235 1296 3296 beati
1327 3235 1453 3296 Nicolai
1479 3234 1681 3307 confessoris,

412 3339 536 3401 ordinis
560 3338 813 3418 Predicatorum,
837 3340 868 3400 in
894 3340 1008 3400 eodem
1035 3341 1104 3402 Deo
1139 3340 1256 3422 jugiter
1287 3339 1529 3420 famulantibus,
1553 3361 1679 3423 presen-

410 3446 497 3507 tibus
521 3459 551 3506 et
576 3443 700 3523 futuris,
726 3465 784 3527 pro
810 3446 1044 3527 quinquaginta
1069 3445 1197 3508 duobus
1219 3446 1288 3508 flor.
1314 3447 1382 3507 auri
1407 3466 1463 3528 per
1491 3447 1679 3528 religiosum

412 3565 443 3613 et
468 3551 537 3612 Deo
556 3550 708 3612 devotum
727 3551 831 3612 virum
848 3550 976 3612 fratrem
996 3551 1187 3614 Michaelem
1203 3573 1290 3615 sacre
1308 3553 1491 3635 Theologie
1514 3553 1679 3632 lectorem,

412 3659 618 3740 prioremque
643 3657 788 3718 eiusdem
814 3657 941 3719 claustri
975 3678 1030 3719 seu
1063 3661 1248 3722 monasterii
1281 3660 1414 3722 ecclesie
1439 3661 1525 3723 beati
1552 3662 1677 3723 Nicolai

411 3762 616 3841 confessoris,
649 3762 773 3844 prefato
807 3763 965 3846 Dyonisio
1000 3764 1187 3850 Sypchych,
1219 3781 1315 3848 prout
1346 3767 1413 3849 ipse
1446 3769 1540 3828 nobis
1570 3768 1679 3829 retulit

412 3871 475 3930 iam
500 3870 596 3951 plene
621 3869 703 3931 datis
735 3883 765 3931 et
797 3871 968 3952 persolutis
999 3872 1196 3933 vendidisset
1228 3885 1258 3933 et
1292 3872 1489 3951 contulisset,
1515 3873 1616 3935 immo
1641 3895 1677 3935 ex

412 3995 571 4038 consensu
596 3988 705 4036 nostro
731 3989 760 4036 et
792 3975 1015 4038 universorum
1050 3977 1168 4038 civium
1204 3979 1286 4040 dicte
1311 3979 1448 4042 civitatis
1479 3980 1625 4043 vendidit
1648 3997 1679 4044 et

412 4081 549 4144 contulit
573 4101 681 4142 coram
707 4082 800 4142 nobis
824 4081 891 4161 jure
916 4097 1072 4165 perpetuo
1098 4098 1128 4145 et
1159 4085 1412 4148 irrevocabiliter
1436 4087 1676 4169 possidendam,

412 4187 584 4249 tenendam
610 4188 727 4269 pariter
751 4203 782 4249 et
806 4187 986 4250 habendam
1012 4210 1048 4252 ac
1069 4190 1156 4270 juxta
1180 4193 1406 4254 condicionem
1433 4194 1516 4256 dicte
1541 4195 1677 4257 civitatis

413 4296 451 4356 ab
484 4295 618 4376 antiquo
651 4295 895 4377 privilegialiter
927 4299 1154 4378 approbatam,
1194 4300 1503 4383 quomodocumque
1539 4303 1678 4364 voluerit

414 4401 661 4482 disponendam,
686 4401 728 4462 ita
751 4415 870 4480 tamen,
896 4402 983 4483 quod
1008 4402 1122 4485 prefati
1153 4403 1263 4466 fratres
1288 4405 1411 4468 ordinis
1436 4408 1676 4470 predicatorum

414 4508 445 4568 in
471 4507 585 4568 eodem
612 4508 750 4568 claustro
781 4528 838 4568 seu
872 4510 1068 4571 monasterio
1101 4511 1245 4572 eiusdem
1279 4513 1412 4574 ecclesie
1443 4515 1526 4575 beati
1551 4514 1677 4576 Nicolai

413 4611 606 4673 confessoris
630 4627 792 4694 presentes
816 4628 847 4674 et
871 4613 969 4676 futuri
994 4616 1137 4676 eiusdem
1164 4617 1280 4678 domus
1306 4631 1439 4696 murate,
1465 4617 1623 4701 fundique
1647 4635 1678 4682 et

413 4717 637 4779 hedificiorum
661 4738 719 4800 pto
743 4732 889 4800 tempore
915 4740 1123 4800 possessores,
1145 4723 1292 4785 universa
1310 4737 1341 4786 et
1365 4725 1509 4805 quelibet
1532 4727 1678 4804 servicia,

414 4844 538 4886 necnon
564 4837 662 4903 taxas,
696 4825 892 4904 vigilaturas,
911 4842 941 4887 et
967 4828 1028 4888 alia
1060 4844 1241 4910 opportuna
1276 4831 1358 4892 dicte
1383 4832 1520 4893 civitatis
1544 4833 1678 4912 negocia

414 4931 555 4991 adinstar
572 4931 708 4992 aliorum
734 4931 816 4992 dicte
835 4933 970 4994 civitatis
994 4935 1113 4996 civium
1139 4955 1301 5017 peragere,
1318 4938 1510 5020 solvereque
1528 4953 1558 5000 ct
1583 4959 1676 5020 expe·

414 5037 480 5104 dire
505 5039 699 5101 tenebuntur
724 5053 881 5129 eruntque
906 5041 1057 5130 obligati;
1094 5042 1154 5107 hoc
1188 5043 1289 5112 eciam
1323 5064 1471 5136 expresso
1496 5059 1528 5109 et
1551 5045 1676 5134 specifi-
