3810 5806
811 564 993 627 Innmtnria.
1477 585 1530 648 ¹3¹

267 773 478 855 Sequitur
510 773 803 838 inventarium
836 775 883 837 de
915 775 1043 838 libris
1075 773 1329 838 officiorum
1362 777 1452 840 sive
1486 776 1535 838 ad

568 879 768 943 officium
801 881 995 943 divinum
1019 881 1249 964 deputatis.

376 1039 484 1102 Primo
509 1041 590 1102 liber
614 1040 902 1124 Anthiphonarius‚
924 1061 1045 1120 novus3
1071 1043 1184 1124 incipit
1208 1043 1239 1104 in
1265 1043 1369 1124 primo
1395 1041 1474 1105 folio
1494 1044 1532 1104 'in

270 1145 390 1208 thono:
418 1147 556 1209 »Beatus
579 1149 659 1226 vir«,
683 1149 769 1210 etin
794 1148 857 1211 fine
874 1149 1019 1211 eiusdem
1043 1147 1129 1210 lolii:
1158 1147 1353 1226 »laudabo«¹
1378 1162 1408 1211 et
1433 1150 1465 1210 in
1484 1149 1532 1211 ul·

265 1252 346 1314 timo
371 1251 450 1314 lolio
474 1254 548 1316 libri
572 1253 659 1316 finit:
687 1255 780 1317 »Deo
804 1255 938 1336 gracias.
969 1254 1143 1333 Alleluia«

374 1377 452 1439 ltern
483 1377 566 1439 liber
597 1378 897 1462 Antfiiphonarius‚
931 1379 1098 1461 antiquus;
1132 1379 1187 1462 qui
1220 1379 1332 1461 incipit
1363 1379 1395 1440 in
1428 1379 1533 1460 primo

271 1482 369 1544 folio:
398 1483 566 1563 »Venite‹‚
591 1504 662 1547 corn
690 1499 777 1564 nota,
802 1499 833 1548 et
856 1486 888 1546 in
914 1484 976 1547 fine
1009 1485 1112 1568 prime
1144 1486 1261 1568 pagine
1285 1485 1418 1547 secundi
1444 1483 1533 1546 lolii:

272 1588 404 1652 »Gloria
428 1591 542 1672 patri«.

376 1695 453 1758 Item
478 1717 579 1759 unum
605 1698 693 1760 aliud
727 1697 1010 1780 Antiphonarium,
1042 1697 1149 1776 magni
1183 1697 1368 1776 voluminis,
1401 1697 1530 1780 incipit:

273 1809 319 1865 »A
344 1804 458 1865 diebus
482 1805 655 1886 antiquis«,
679 1824 753 1866 curn
777 1804 869 1866 litera
888 1807 955 1864 ›A‹
982 1803 1021 1865 de
1040 1803 1174 1882 lazorio,
1198 1823 1326 1885 magna,
1351 1818 1382 1867 et
1405 1802 1475 1866 finit
1500 1805 1532 1865 in

270 1911 332 1974 fine
357 1912 459 1994 prime
483 1913 599 1994 pagine
617 1910 749 1973 secundi
775 1910 863 1973 folii:
892 1931 949 1973 »ex
972 1925 1003 1972 te
1032 1925 1213 1990 nascetur«,
1238 1926 1269 1972 er
1292 1911 1393 1972 eciam
1419 1911 1451 1971 in
1468 1909 1535 1973 fine

269 2019 391 2080 habens
414 2037 590 2100 ympnum:
617 2018 724 2081 »Urbs
749 2019 871 2080 beata«

377 2125 455 2187 ltem
480 2125 568 2186 aliud
585 2124 858 2206 Antiphonarium
884 2125 985 2186 eciam
1004 2124 1132 2206 incipit:
1166 2128 1212 2185 »A
1230 2124 1344 2186 diebus
1360 2125 1534 2206 antiquis«,

271 2244 301 2292 et
326 2231 357 2292 in
382 2229 445 2292 fine
469 2231 573 2312 prime
597 2231 713 2314 pagine
734 2231 866 2293 secundi
896 2229 965 2292 lolii
991 2230 1077 2293 finit:
1105 2250 1231 2308 »ecce«,
1257 2245 1288 2293 et
1311 2230 1344 2292 in
1369 2229 1432 2292 fine
1456 2231 1530 2292 libri

272 2350 318 2398 est
342 2337 472 2419 impnus
495 2337 660 2399 similiter:
690 2337 793 2400 »Urbs
818 2339 941 2400 beata».

377 2444 456 2506 Item
480 2464 581 2506 unum
599 2445 687 2507 aliud
711 2444 996 2527 Antiphonariurn,
1029 2445 1116 2526 quod
1134 2444 1261 2527 incipit:
1290 2443 1461 2507 »Custodit
1478 2443 1535 2506 do·

271 2551 411 2629 minus«,
435 2565 466 2613 et
491 2553 523 2612 in
548 2551 612 2614 fine
633 2552 735 2634 prime
753 2552 869 2634 pagine
887 2549 1019 2612 secundi
1049 2549 1117 2614 lolii
1142 2548 1229 2612 finit:
1252 2549 1534 2612 »annuciateillud

272 2659 304 2718 in
328 2657 479 2736 finibus«,
505 2673 536 2719 et
558 2657 644 2720 finit:
667 2677 781 2720 »omne
806 2678 863 2740 per
887 2677 1017 2736 evum«,
1034 2656 1154 2719 habens
1179 2657 1211 2718 in
1235 2655 1298 2718 fine
1323 2670 1407 2718 certa
1432 2677 1532 2738 quan·

271 2765 333 2826 tica
358 2765 479 2827 scilicet
503 2778 589 2827 nota.

379 2871 456 2934 ltem
482 2891 582 2933 unum
609 2870 783 2949 Graduale,
808 2890 941 2950 novum,
977 2871 1065 2952 quod
1099 2871 1227 2951 incipit:
1258 2871 1376 2932 »Multe
1401 2871 1533 2933 tribula-

271 2980 415 3058 ciones«,
440 2993 470 3040 et
495 2979 527 3040 in
552 2977 615 3039 fine
631 2979 735 3061 prime
752 2978 868 3060 pagine
885 2978 1017 3038 secundi
1040 2977 1109 3038 lolii
1126 2975 1213 3038 finit:
1235 2977 1390 3039 »salutare
1407 2991 1532 3056 tuum‹‚

273 3099 304 3147 et
329 3087 361 3146 in
385 3085 448 3146 fine
472 3085 546 3147 libri
570 3075 656 3146 finit:
685 3085 876 3148 »Iordane«.

379 3211 456 3273 ltem
481 3210 659 3272 secundum
686 3210 848 3273 Graduale
874 3210 1003 3291 incipit:
1032 3207 1167 3269 »Missus
1184 3221 1262 3284 est»,
1287 3221 1318 3268 et
1343 3208 1374 3268 in
1399 3205 1461 3268 fine
1487 3228 1534 3269 se·

272 3317 370 3379 eundi
395 3315 465 3378 folii
490 3315 577 3378 finit:
607 3336 725 3398 »prope
750 3331 836 3392 est‹;
855 3329 886 3378 et
907 3317 938 3376 in
957 3313 1018 3376 fine
1036 3315 1109 3376 libri
1127 3314 1221 3376 habet
1238 3314 1363 3394 aliquas
1388 3313 1532 3395 Sequen-

272 3424 337 3484 cias
361 3423 486 3484 additas
510 3422 550 3484 de
574 3424 688 3484 diebus
714 3423 902 3501 Dominicis,
931 3435 962 3483 et
986 3422 1025 3482 de
1042 3433 1151 3482 sancto
1178 3419 1327 3481 Ladislao
1352 3431 1383 3481 et
1406 3419 1446 3481 de
1471 3420 1534 3502 Na·

275 3529 398 3590 tivitate
422 3529 513 3591 beate
538 3529 680 3610 virginis.

380 3635 457 3696 ltem
483 3635 570 3696 aliud
596 3633 770 3710 Graduale,
795 3633 883 3715 quod
910 3635 1021 3714 incipit
1048 3633 1213 3694 similiter:
1244 3633 1378 3694 »Missus
1402 3647 1480 3710 est«,
1505 3645 1536 3694 et

275 3743 306 3802 in
333 3740 393 3804 fine
418 3741 521 3823 prime
545 3742 661 3823 pagine
684 3741 816 3802 secundi
842 3738 910 3800 folii
937 3739 1023 3800 finit:
1051 3737 1244 3819 »Alleluja‹,
1270 3739 1390 3800 habens
1415 3741 1447 3800 in
1472 3738 1534 3801 fine

274 3848 346 3908 libri
374 3847 587 3929 Sequenciam
614 3847 652 3908 de
676 3860 787 3908 sancto
813 3846 961 3907 Emerico
985 3845 1076 3908 duce.

380 3953 458 4016 Item
483 3952 571 4014 aliud
597 3952 760 4015 Graduale
784 3953 817 4014 in
850 3973 946 4034 parva
975 3951 1088 4030 forma,
1121 3951 1209 4033 quod
1244 3952 1371 4033 incipit:
1400 3952 1532 4015 »Gloria

274 4060 388 4141 patri«,
413 4072 444 4120 et
468 4059 499 4120 in
524 4057 587 4120 fine
612 4059 743 4120 secundi
769 4056 837 4120 lolii
856 4057 942 4120 finit:
972 4059 1093 4140 »placet
1117 4058 1243 4134 nobis«,
1263 4071 1294 4119 et
1318 4059 1349 4118 in
1375 4057 1437 4119 fine
1461 4058 1534 4119 libri

275 4165 314 4227 de
339 4165 451 4227 endern
476 4165 566 4226 litera
583 4163 669 4228 finit:
698 4165 877 4228 »Conditor
896 4165 1043 4241 mundi«,
1067 4178 1098 4225 et
1114 4165 1374 4246 superadditum:
1404 4163 1535 4226 »Gloria

275 4275 306 4335 in
331 4272 474 4352 excelsis,
498 4271 606 4335 Credo
631 4287 662 4333 et
686 4273 853 4350 Sanctus«,
879 4272 918 4332 de
942 4271 1005 4332 alia
1029 4290 1141 4332 manu.

380 4397 458 4460 ltetn
483 4417 583 4459 unurn
609 4395 696 4459 aliud
721 4397 891 4479 antiquum
918 4395 1091 4474 Graduale,
1123 4393 1211 4475 quod
1236 4393 1267 4454 in
1292 4394 1394 4475 prima
1419 4395 1535 4476 pagina

275 4503 364 4564 tercii
389 4501 459 4564 folii
483 4503 516 4564 in
540 4503 650 4564 medio
674 4504 805 4586 incipit:
833 4504 903 4564 »Ad
927 4517 957 4564 te
992 4501 1129 4578 levavi«,
1153 4515 1184 4561 et
1208 4501 1239 4561 in
1266 4498 1328 4562 fine
1353 4502 1456 4583 prime
1481 4522 1535 4584 pa·

274 4610 348 4691 gine
372 4609 478 4671 ultimi
504 4607 573 4671 folii
597 4609 684 4672 finit:
714 4609 874 4692 »Judaycn
898 4611 1019 4689 virgo«

381 4715 459 4778 ltem
485 4715 648 4778 Graduale
671 4717 760 4798 parvi
787 4715 961 4776 voluminis
981 4714 1148 4776 continens
1173 4712 1204 4772 in
1228 4731 1278 4772 se:
1318 4712 1477 4794 Epistolas
1503 4727 1536 4776 et

276 4822 473 4904 Ewangelia,
498 4836 623 4885 notatas
648 4841 719 4884 curn
744 4822 900 4904 scriptura
925 4822 1059 4882 minuta.

382 4928 460 4991 ltern
492 4949 592 4992 unum
627 4929 817 4991 Leccionale
850 4929 956 5010 magni
994 4927 1180 5005 voluminis,
1212 4926 1298 5007 quod
1332 4925 1461 5007 incipit:
1489 4930 1536 4986 »A

277 5035 390 5097 diebus
414 5036 587 5118 antiquis»,
612 5049 643 5097 et
666 5037 697 5097 in
723 5035 785 5097 fine
810 5036 913 5118 prime
934 5034 1050 5116 pagine
1074 5033 1207 5096 secundi
1231 5030 1301 5093 folii
1325 5030 1412 5093 finit:
1442 5032 1536 5092 »Dies

1432 5148 1449 5194 ll
