3842 5802
404 541 420 580 2
929 523 1127 600 Ann01471.

402 736 441 795 ab
466 734 643 812 occidente,
661 734 784 796 habitas
800 747 831 796 et
855 735 1033 814 existentes,
1059 735 1198 798 mediam
1216 735 1248 797 in
1272 749 1340 797 toto
1365 736 1486 798 curiam
1506 736 1545 798 ad
1570 756 1663 798 usum

402 840 485 902 dicte
509 840 645 902 civitatis
670 841 701 902 in
726 861 758 901 se
787 841 1016 920 continentem,
1045 842 1232 924 porcionem
1261 843 1411 904 videlicet
1438 863 1540 922 suam,
1566 863 1662 903 unam

402 961 548 1028 quartam
567 947 598 1008 in
615 967 648 1008 se
673 947 903 1026 continentem,
927 948 1018 1009 cuius
1035 948 1129 1009 aliam
1148 949 1354 1011 medietatem
1379 949 1524 1012 eiusdem
1549 949 1666 1011 domus

402 1068 524 1114 murare
550 1052 707 1135 fundique
731 1068 761 1116 et
785 1052 1018 1134 hedificiorum,
1042 1054 1138 1116 aliam
1165 1069 1311 1136 quartam
1336 1057 1423 1118 curie
1448 1057 1480 1117 in
1504 1075 1536 1117 se
1561 1056 1665 1118 conti-

403 1173 532 1220 nentem
569 1160 722 1242 providus
746 1161 793 1220 vir
819 1159 994 1242 Gregorius
1018 1160 1159 1242 pellifex,
1183 1163 1289 1224 senior
1320 1162 1441 1243 juratus
1466 1177 1496 1224 et
1525 1163 1666 1225 concivis

403 1279 520 1344 noster,
538 1265 622 1328 filius
646 1267 783 1328 condam
799 1266 929 1348 Georgii
957 1268 1161 1346 balneatoris,
1187 1269 1360 1331 literatorie
1393 1269 1569 1331 dinoscitur
1592 1289 1665 1352 pos·

403 1372 518 1450 sidere,
535 1371 659 1454 prefato
685 1371 844 1453 Gregorio
869 1371 997 1455 pellifici
1024 1373 1319 1458 filioWrabchycz,
1351 1395 1387 1438 ac
1412 1397 1468 1458 per
1499 1395 1574 1437 eum
1598 1377 1663 1437 suis

404 1478 576 1540 heredibus
600 1498 657 1562 pro
687 1480 798 1558 viginti
825 1479 893 1542 flor.
919 1480 986 1540 auri
1013 1481 1208 1543 vendidisset
1229 1495 1259 1544 et
1291 1483 1477 1545 contulisset
1501 1483 1569 1564 jure
1593 1503 1663 1564 per-

403 1599 501 1666 petuo
520 1599 550 1647 et
565 1585 815 1648 irrevocabiliter
828 1586 1056 1668 possidendam
1068 1633 1076 1665 ,
1090 1589 1261 1651 tenendem
1273 1589 1390 1670 pariter
1407 1603 1438 1650 et
1461 1589 1661 1664 habendam;

404 1692 542 1772 ideoque
576 1712 633 1754 nos
665 1692 840 1774 predictam
872 1706 972 1756 totam
1006 1692 1141 1754 domum
1173 1695 1206 1755 in
1239 1714 1339 1756 unum
1372 1696 1603 1775 combinanres,
1628 1716 1664 1758 ex

402 1799 575 1880 premissis,
600 1798 705 1860 eidem
731 1798 890 1880 Gregorio
914 1798 1045 1881 pellifici
1071 1820 1107 1862 ac
1124 1820 1179 1882 per
1205 1801 1303 1883 (eum)
1320 1802 1386 1863 suis
1409 1801 1581 1864 heredibus
1605 1815 1665 1863 sta-

403 1906 522 1966 tuimus
547 1919 577 1966 et
601 1905 700 1967 literis
724 1906 840 1966 nostris
863 1907 955 1966 novis
980 1905 1252 1968 confirmavimus.

509 2011 607 2086 Quod
631 2012 705 2074 licet
736 2012 817 2072 inter
848 2011 1011 2074 Andream
1044 2012 1206 2074 literatum
1239 2012 1340 2075 lilium
1375 2015 1512 2077 condam
1547 2014 1665 2076 Mathie

403 2118 529 2196 suroris,
553 2117 633 2178 olim
658 2117 799 2178 concivis
822 2119 932 2196 nostri,
957 2117 1014 2179 filii
1042 2119 1229 2198 Laczlronis,
1249 2119 1289 2182 de
1314 2121 1385 2182 vico
1409 2135 1554 2182 sutorum
1580 2133 1666 2184 exte·

403 2223 479 2284 riori
505 2223 588 2285 dicte
613 2224 759 2302 civitatis,
792 2225 831 2285 ab
863 2245 937 2302 una,
970 2239 1057 2306 parre
1089 2224 1250 2306 siquidem
1280 2227 1320 2288 ab
1352 2226 1451 2289 altera
1476 2227 1666 2288 Ambrosius

403 2343 492 2391 sutor
517 2330 639 2392 Malecz
664 2331 767 2392 dictus
791 2331 934 2392 sororius
965 2331 1116 2392 videlicet
1149 2331 1293 2394 eiusdem
1325 2333 1454 2395 Andree
1477 2333 1606 2410 literati,
1630 2346 1665 2394 ut

404 2439 435 2498 in
461 2457 588 2499 causam
613 2450 773 2517 attractus,
797 2437 926 2498 racione
951 2450 982 2499 et
1006 2450 1151 2519 pretextu
1176 2439 1342 2500 cuiusdam
1366 2438 1483 2500 domus
1508 2453 1538 2502 et
1562 2439 1666 2500 civilis

403 2544 516 2625 prelati
542 2545 678 2606 condam
710 2544 829 2606 Mathia
861 2545 978 2606 sutoris
1010 2544 1107 2626 patris
1140 2544 1238 2625 ipsius
1269 2545 1398 2606 Andree
1423 2545 1540 2607 literati
1576 2545 1615 2606 lis
1636 2557 1667 2606 et

405 2652 626 2712 contencionis
662 2651 795 2713 materia
828 2665 914 2713 mora
947 2650 1074 2726 luisset3
1107 2665 1213 2712 tamen
1247 2651 1358 2712 eedem
1399 2665 1505 2732 partes
1539 2651 1666 2712 racione

404 2757 546 2818 eiusdem
572 2758 699 2836 domus,
725 2755 882 2838 fundique
914 2772 945 2818 et
977 2755 1201 2818 hedificiorum
1232 2757 1337 2819 taliter
1369 2757 1451 2818 inter
1474 2777 1508 2819 se
1533 2775 1664 2818 concor-

403 2865 531 2926 dassent
555 2884 660 2925 coram
687 2864 791 2943 nobis,
815 2863 902 2945 quod
928 2863 1047 2924 directa
1065 2879 1096 2924 et
1120 2863 1243 2945 equalis
1260 2864 1415 2925 medietas
1436 2864 1519 2926 dicte
1537 2864 1665 2940 domus,

404 2969 561 3052 fundique
585 2985 616 3032 et
632 2969 868 3048 hedificiorum,
886 2990 982 3031 unam
1003 2983 1150 3031 octavam
1175 2971 1261 3031 curie
1279 2971 1311 3031 in
1335 2990 1367 3031 se
1392 2971 1571 3050 continens,
1589 2989 1661 3031 cum

404 3077 496 3138 certis
513 3077 578 3138 suis
595 3077 786 3138 utilitatibus
804 3077 889 3138 idem
908 3075 1052 3137 Andreas
1077 3076 1232 3154 literatus,
1249 3095 1313 3137 non
1339 3077 1540 3138 obstantibus
1564 3076 1663 3138 literis

402 3180 562 3246 Johannis
585 3183 700 3265 judicis
723 3183 781 3245 lilii
808 3184 888 3245 Pero
906 3203 1002 3265 super
1019 3183 1134 3245 eodem
1152 3183 1239 3244 civili
1264 3203 1322 3265 pro
1347 3199 1434 3265 parte
1459 3184 1559 3266 ipsius
1584 3187 1661 3244 Am·

405 3290 502 3350 brosii
528 3290 646 3351 sutoris
663 3290 835 3371 superinde
860 3289 1025 3368 conlectis,
1043 3309 1121 3370 quas
1139 3309 1235 3350 vanas
1252 3289 1484 3369 commisimus,
1508 3303 1665 3372 perpetuo

404 3397 597 3478 possidenda
623 3411 699 3472 etc.;
724 3397 786 3457 alia
812 3415 941 3477 quoque
968 3395 1123 3457 medietas
1156 3396 1238 3456 dicre
1271 3395 1387 3456 domus
1411 3415 1467 3477 per
1488 3394 1664 3458 antefatum

404 3503 612 3563 Ambrosium
638 3517 791 3580 sutorem,
816 3516 938 3584 patrem
963 3502 1113 3563 videlicet
1139 3502 1301 3563 Dorothee
1335 3502 1441 3583 puelle
1467 3523 1504 3564 ex
1529 3503 1666 3565 condam

403 3609 538 3691 provida
571 3610 705 3670 muliere
739 3609 841 3671 Elena
873 3623 996 3687 vocata,
1029 3628 1138 3670 sorore
1171 3610 1270 3689 ipsius
1298 3608 1402 3671 fratris
1434 3609 1605 3691 Augustini
1638 3621 1669 3671 et

404 3717 531 3777 Andree
556 3716 685 3794 literati,
710 3717 888 3797 progenire,
913 3717 977 3776 vita
998 3715 1164 3777 dumtaxat
1196 3715 1340 3777 eiusdem
1365 3715 1528 3776 Ambrosii
1552 3715 1667 3776 sutoris

404 3823 533 3902 comite,
559 3842 623 3883 non
649 3824 795 3884 obstante
819 3835 921 3882 morte
947 3820 1066 3903 prefate
1085 3821 1248 3883 Dorothee
1273 3819 1337 3882 filie
1361 3821 1509 3883 similiter
1532 3840 1601 3900 sue,
1626 3821 1667 3881 si-

404 3929 523 3990 militer
546 3928 720 3990 tenendam
745 3929 877 3989 babebit
901 3926 1107 4004 facultatem3
1133 3927 1193 3988 hoc
1223 3941 1329 3988 tamen
1354 3925 1553 4008 specificato:
1578 3926 1666 4008 quod

404 4035 560 4096 medietas
584 4035 666 4096 dicte
692 4033 819 4112 domus,
845 4032 936 4094 fundi
970 4046 1000 4094 et
1035 4031 1260 4094 hedificiorum
1285 4053 1341 4114 per
1375 4047 1563 4094 annotatum
1591 4037 1667 4092 Arn-

404 4141 547 4201 brosium
572 4154 713 4202 sutorem
744 4155 776 4201 et
807 4153 994 4200 annotatam
1026 4139 1224 4200 Dorotheam
1256 4137 1356 4200 filiam
1388 4139 1532 4200 eiusdem
1557 4138 1666 4218 legari,

404 4246 543 4326 disponi,
569 4247 751 4307 nullatenus
775 4247 814 4306 ab
847 4245 916 4326 ipso
940 4245 1069 4306 Andrea
1102 4244 1228 4307 literato
1260 4245 1377 4325 poterit
1405 4263 1511 4325 neque
1536 4243 1666 4321 valebit,

404 4352 459 4414 sed
485 4354 509 4414 si
536 4353 673 4414 eandem
698 4351 895 4413 Dorotheam
921 4353 1042 4432 absque
1060 4351 1213 4413 heredum
1231 4351 1352 4412 solacio
1377 4351 1459 4411 mori
1485 4349 1666 4430 contigerit,

404 4459 491 4542 quod
516 4473 593 4521 runc
617 4473 688 4542 post
713 4473 849 4519 mortem
875 4459 1018 4539 ipsorum
1053 4457 1215 4519 Ambrosii
1248 4471 1279 4518 et
1304 4455 1467 4518 Dorothee
1492 4455 1666 4537 disposicio

404 4565 503 4648 ipsius
525 4565 633 4628 totalis
657 4565 773 4626 domus
796 4565 828 4624 in
861 4562 1019 4646 prefatum
1045 4563 1207 4625 Andream
1239 4562 1368 4624 devolvi
1393 4576 1424 4624 et
1448 4561 1663 4624 condescendi

404 4671 534 4732 debebit
559 4672 629 4753 ipso
655 4669 748 4732 facto.

510 4778 607 4851 Quod
634 4779 708 4858 quia
734 4797 791 4838 nos
815 4791 881 4838 tota
907 4778 1121 4838 communitas
1139 4775 1345 4836 vendidimus
1377 4775 1542 4856 quoddam
1568 4772 1666 4835 fenile

405 4899 510 4944 nostre
535 4884 775 4944 communitatis
799 4883 830 4943 in
849 4883 1010 4944 territorio
1033 4883 1115 4944 dicte
1133 4883 1270 4944 civitatis
1287 4881 1515 4958 condicionali,
1537 4893 1567 4941 et
1586 4880 1668 4942 inter

406 4990 514 5051 fenilia
534 4990 681 5052 similiter
707 5003 812 5050 nostre
837 4990 1078 5051 communitatis
1110 4989 1358 5067 condicionalis,
1390 5002 1500 5070 putaa
1525 4987 1669 5068 partibus
