3810 5806
644 1564 773 1664 (Anno
800 1563 957 1652 Domini
984 1564 1151 1662 MDXX.)

364 1901 432 1963 Nos
463 1903 678 1963 communitas
710 1903 829 1964 civium
867 1904 1003 1966 civitatis
1037 1904 1328 1984 Montisgrecensis.
1364 1907 1521 1969 Memoris

259 2010 524 2072 commendamus
547 2023 659 2072 tenore
683 2011 883 2092 presencium
918 2010 1134 2092 significantes
1157 2012 1276 2092 quibus
1299 2013 1428 2094 expedit
1452 2015 1522 2076 uni-

259 2117 367 2178 versis.
393 2116 571 2190 Quomodo
595 2117 816 2198 superioribus
845 2119 1011 2179 transactis
1043 2117 1136 2178 annis
1160 2117 1296 2179 condam
1321 2119 1524 2182 honorabilis

259 2223 410 2304 magister
435 2221 549 2284 Gallus
574 2223 613 2283 de
639 2224 818 2306 Zepnycza,
841 2225 1016 2285 canonicus
1041 2223 1173 2284 ecclesie
1198 2225 1424 2305 zagrabiensis‚
1449 2245 1522 2307 pru·

257 2330 345 2392 denti
371 2345 402 2391 et
426 2330 657 2412 circumspecto
686 2331 756 2391 viro
788 2330 927 2391 condam
961 2330 1134 2391 Dominico
1160 2331 1346 2412 Perowych‚
1371 2333 1450 2393 olim
1475 2353 1522 2394 se·

257 2436 340 2496 niori
365 2435 464 2516 judici
489 2449 519 2496 et
543 2436 668 2498 concivi
686 2451 807 2514 nostro,
831 2437 890 2497 sub
915 2455 970 2516 spe
989 2434 1093 2498 luture
1119 2437 1333 2498 restitucionis
1357 2437 1397 2498 ad
1422 2435 1521 2500 fidem

256 2542 355 2624 ipsius
379 2542 441 2604 deo
465 2543 606 2604 debitam
639 2555 669 2603 et
693 2542 897 2604 christianam
932 2557 1058 2604 centum
1085 2541 1154 2604 flor.
1181 2543 1211 2603 in
1237 2562 1317 2604 auro
1342 2557 1520 2608 mutuasset

256 2663 287 2709 et
321 2648 580 2726 accomodasset,
611 2648 667 2709 sed
699 2649 775 2730 quia
807 2646 948 2731 prelatus
983 2648 1173 2710 Dominicus
1206 2649 1381 2734 Perowych
1417 2650 1520 2712 dictos

255 2767 382 2816 centum
410 2753 480 2816 flor.
505 2755 630 2816 solvere
655 2769 686 2816 et
702 2755 868 2816 restituere
893 2775 948 2837 pre
967 2755 1076 2836 inopia
1102 2768 1132 2816 et
1149 2769 1336 2836 paupertate
1361 2775 1418 2817 sua
1435 2757 1522 2818 unde

255 2879 322 2922 non
346 2859 476 2921 haberet
500 2875 595 2942 prout
618 2861 846 2942 spoponderat,
872 2861 932 2923 nisi
963 2881 1019 2944 per
1051 2879 1200 2922 censuras
1224 2861 1454 2923 ecclesiasticas
1479 2862 1519 2923 ad

255 2966 457 3028 solucionem
490 2966 649 3028 dictorum
688 2981 815 3028 centum
853 2967 923 3029 flor.
960 2981 1089 3028 coactus
1124 2981 1155 3026 et
1190 2967 1375 3048 compulsus
1407 2967 1521 3047 existit,

255 3087 452 3155 quapropter
476 3073 611 3134 domum
637 3093 727 3134 suam
753 3087 911 3135 muratam
946 3093 1018 3134 com
1052 3073 1203 3135 omnibus
1236 3073 1380 3135 eiusdem
1406 3073 1522 3135 domus

254 3179 462 3262 pertinenciis
485 3191 615 3261 propter
646 3179 811 3240 evitandas
845 3199 993 3241 censuras
1027 3179 1256 3240 ecclesiasticas
1290 3192 1321 3240 et
1344 3180 1522 3241 sentencias

255 3299 364 3348 contra
389 3305 456 3347 sese
480 3298 594 3364 motas,
612 3286 814 3368 inscripserat
831 3301 861 3348 et
879 3287 1141 3368 consignaverat;
1161 3285 1289 3346 tandem
1314 3286 1423 3346 medio
1441 3301 1521 3348 tem·

255 3413 331 3475 pore
356 3390 496 3474 prefatus
527 3393 665 3454 condam
699 3392 852 3454 dominus
888 3392 1002 3455 Gallus
1038 3393 1213 3454 canonicus
1251 3393 1333 3453 inter
1365 3393 1426 3454 alia
1463 3413 1520 3454 sua

255 3498 493 3560 testamentaria
516 3499 650 3580 negocia
674 3497 794 3560 iaciens
819 3514 850 3560 et
870 3499 1035 3577 ordinans,
1053 3499 1171 3560 dictam
1197 3499 1331 3559 domurn
1359 3499 1435 3560 dicti
1454 3499 1520 3560 Do·

256 3603 364 3665 minici
391 3603 576 3687 Perowych‚
608 3623 704 3685 quam
737 3605 825 3686 prius
858 3605 963 3666 eidem
997 3606 1198 3687 inscripserat
1231 3619 1261 3665 et
1285 3625 1343 3687 pro
1369 3604 1520 3686 predictis

255 3725 385 3772 centum
409 3709 479 3773 flor.
504 3711 758 3792 consignaverat,
792 3732 849 3794 pro
874 3713 980 3773 anima
1012 3731 1069 3772 sua
1103 3731 1199 3772 unam
1225 3711 1353 3772 missam
1380 3730 1439 3792 pro
1464 3710 1516 3773 de·

254 3815 364 3878 functo
389 3816 553 3878 sacerdote
578 3818 609 3878 in
634 3818 768 3879 ecclesia
786 3817 954 3900 hospitalis
985 3819 1076 3878 beate
1102 3818 1202 3879 Marie
1227 3817 1361 3898 virginis
1386 3819 1416 3877 in
1435 3817 1519 3879 dicta

255 3923 382 3984 civitate
406 3937 513 3985 nostra
538 3921 682 4002 fundata,
706 3944 764 4006 per
787 3938 944 3987 rectorem
979 3923 1172 3986 modernum
1205 3924 1350 3985 eiusdem
1385 3923 1518 3984 ecclesie

255 4027 445 4111 futurosque
470 4049 668 4092 successores
691 4049 766 4091 suos
797 4030 964 4092 universos
996 4029 1158 4112 perpetuis
1191 4028 1369 4110 futurisque
1395 4043 1519 4110 tempo-

255 4137 342 4197 ribus
366 4137 398 4196 in
424 4157 477 4198 ara
509 4138 623 4199 maiori
645 4137 879 4199 celebrandam
912 4156 968 4198 seu
1001 4135 1190 4214 dicendam,
1222 4137 1357 4196 eandem
1383 4136 1517 4196 domum

256 4262 327 4304 cum
353 4222 505 4304 omnibus
528 4244 594 4304 suis
618 4243 824 4325 pertinenciis
856 4243 950 4305 nobis
974 4261 1031 4304 seu
1062 4241 1286 4303 communitati
1313 4255 1421 4303 nostre
1446 4240 1518 4302 reli-

257 4348 394 4430 quisset3
426 4367 499 4410 cum
533 4349 618 4410 enirn
651 4363 765 4430 expost
804 4349 980 4430 prelibatus
1013 4348 1204 4410 Dominicus
1240 4347 1414 4430 Perowych
1447 4347 1519 4409 aliis

258 4455 475 4516 mediantibus
500 4455 599 4516 literis
622 4457 687 4516 suis
718 4456 921 4536 obligatoriis
953 4475 1049 4516 manu
1084 4474 1140 4515 sua
1165 4454 1295 4536 propria
1320 4454 1352 4513 in
1377 4453 1517 4534 quadam

256 4578 339 4621 carra
372 4561 475 4642 papiri
508 4564 567 4622 sub
599 4561 772 4642 sigilloque
804 4581 862 4622 suo
894 4561 1017 4624 anulari
1052 4558 1202 4623 confestis
1235 4574 1266 4622 et
1297 4560 1453 4620 emanatis
1477 4558 1517 4620 ad

256 4666 400 4746 singulos
432 4667 676 4747 quatuordecim
709 4687 810 4728 annos
845 4688 912 4729 sese
945 4681 1127 4750 sequentes,
1150 4667 1252 4728 dictos
1285 4681 1413 4727 centum
1446 4664 1517 4728 flor.

257 4773 349 4833 nobis
372 4791 429 4834 seu
454 4773 677 4836 communitati
703 4787 809 4835 nostre
834 4794 867 4836 se
892 4787 923 4836 et
940 4774 1073 4836 heredes
1096 4793 1172 4834 suos
1197 4773 1364 4834 universos
1388 4770 1429 4832 ad
1446 4789 1516 4852 per·

256 4877 457 4939 solucionem
481 4875 585 4956 Jnobis
616 4879 881 4960 compromiserat
912 4893 944 4941 et
974 4879 1182 4959 obligaverat.
1223 4877 1424 4959 Quiquidem
1450 4876 1517 4938 Do·

258 4983 394 5046 minicus
419 4985 592 5068 Perowych
619 4999 650 5048 et
675 4985 750 5046 dicti
783 4984 916 5054 heredes
949 4988 996 5048 sui
1022 4988 1061 5047 ad
1094 4985 1228 5068 predicti
1253 4983 1353 5048 debiti
1378 4982 1517 5046 solucio-
