3840 5800
969 553 1116 613 Rationes.

840 763 1215 830 MCCCCLXXXXllll.

503 911 580 972 ltem
604 910 636 972 in
663 908 743 972 festo
768 909 883 972 Felicis
905 909 937 970 in
969 909 1084 991 pincis,
1117 908 1253 970 domino
1279 905 1418 970 iohanni
1451 908 1577 970 custodi
1602 927 1662 990 pro

398 1014 631 1078 relormacione
656 1015 781 1076 scriniis
806 1030 836 1076 et
861 1015 988 1104 ceteris2
1010 1013 1050 1076 ad
1074 1015 1170 1076 verba
1198 1011 1324 1075 domini
1348 1011 1504 1074 iohannis
1528 1011 1661 1074 Camar-

398 1122 501 1184 censis
525 1123 563 1184 dc
591 1121 743 1182 mandato
769 1121 989 1200 dominorum,
1013 1120 1088 1184 dedi
1130 1169 1164 1185 ..
1190 1119 1259 1184 flor.
1283 1117 1332 1182 lll.

867 1315 1213 1380 MCCCCLXXXXV.

505 1460 583 1520 ltenr
610 1460 692 1520 circa
719 1457 833 1520 festum
860 1459 943 1521 beati
969 1457 1097 1520 Martini
1129 1477 1188 1539 pro
1213 1455 1448 1519 reformacione
1473 1455 1665 1538 campanilis

400 1585 500 1648 usque
525 1564 640 1627 festum
665 1567 758 1628 beare
783 1565 905 1628 Cecilie
930 1566 963 1626 in
987 1565 1121 1626 diversis
1144 1564 1288 1626 terminis
1314 1563 1486 1645 complevi,
1510 1581 1549 1624 ex
1573 1581 1661 1624 com-

400 1673 552 1733 missione
577 1672 797 1750 domiuorum,
822 1672 976 1753 magistro
991 1669 1091 1732 Paulo
1112 1671 1152 1732 de
1178 1669 1316 1732 lwanich
1332 1719 1338 1733 .
1356 1717 1362 1732 .
1382 1717 1389 1732 .
1412 1669 1481 1733 flor.
1506 1668 1555 1734 lll.

507 1778 583 1840 ltem
609 1777 727 1838 abhinc
752 1797 853 1859 usque
878 1776 994 1838 festum
1020 1778 1112 1838 beate
1136 1777 1235 1838 Lucie
1259 1775 1364 1838 eidem
1391 1775 1544 1856 magistro
1561 1774 1665 1836 Paulo

400 1883 527 1944 racione
552 1883 665 1944 eadem
688 1884 866 1945 successive
890 1883 1011 1946 dedi..
1033 1884 1125 1946 ,flon
1148 1882 1242 1965 llll„

505 1988 581 2050 ltem
607 1990 749 2051 secundo
773 1989 826 2051 die
851 1993 942 2052 beate
967 1991 1065 2051 Lucie
1084 1989 1292 2072 carpentariis
1316 1988 1506 2070 campanilis
1530 1991 1665 2050 absente

402 2094 472 2175 ipso
498 2097 651 2175 magistro
677 2095 777 2157 Paulo
802 2095 875 2156 dedi
901 2115 959 2178 pro
984 2096 1223 2158 claviculis...
1248 2094 1307 2156 sol.
1329 2094 1398 2158 XV.

508 2201 583 2262 ltem
610 2201 729 2262 eisdem
757 2202 838 2263 circa
864 2203 1006 2284 predicta
1030 2202 1103 2263 dedi
1123 2251 1130 2264 .
1147 2251 1179 2266 ..
1203 2202 1263 2264 sol.
1287 2201 1326 2265 X.

508 2306 584 2368 ltem
612 2307 642 2367 in
669 2303 809 2388 profesto
833 2329 857 2372 s.
874 2307 995 2369 Cecilie
1013 2308 1161 2390 lapicidis
1178 2326 1235 2389 pro
1253 2305 1416 2388 lapidibus
1439 2307 1588 2367 secandis
1604 2325 1664 2387 pro

403 2411 505 2491 gradu
531 2413 655 2493 lapides
679 2413 711 2474 in
728 2413 818 2490 turri,
836 2414 874 2475 ad
894 2413 1082 2474 mandatum
1100 2411 1225 2474 domini
1243 2411 1352 2474 vicarii
1370 2412 1443 2473 dedi
1464 2463 1469 2474 .
1489 2463 1494 2472 .
1514 2460 1521 2475 .
1540 2411 1608 2472 flor.
1628 2410 1664 2474 ll.

508 2519 585 2579 ltenr
610 2519 752 2581 secundo
777 2521 829 2582 die
854 2523 947 2582 beate
983 2521 1083 2583 Lucie
1115 2520 1235 2582 eisdem
1269 2519 1344 2581 dedi
1366 2519 1407 2580 ad
1438 2522 1535 2580 verba
1560 2518 1664 2580 domi-

402 2644 594 2690 norum...
619 2626 687 2689 flor.
712 2627 748 2690 ll.

855 2767 1212 2833 MCCCCLXXXXVl.

510 2911 584 2974 ltem
612 2913 643 2973 in
668 2911 749 2974 festo
773 2913 940 2974 beatorum
967 2911 1101 2973 Fabiani
1134 2927 1165 2974 et
1190 2911 1369 2974 Sebastiani
1396 2909 1562 2972 martirum
1589 2909 1666 2991 ipsis

403 3019 550 3099 lapicidis
574 3019 702 3080 racione
727 3019 846 3099 previa,
871 3019 911 3080 ad
936 3020 1032 3080 verba
1057 3019 1265 3080 dominorum
1282 3017 1434 3080 videlicet
1459 3015 1615 3099 prepositi
1634 3028 1666 3076 ct

404 3125 610 3204 kathedralis,
634 3125 707 3186 dedi
727 3173 735 3190 .
753 3173 788 3189 ..
813 3125 882 3187 flor.
909 3125 942 3186 ll.

511 3231 585 3292 ltenr
612 3232 765 3310 magistro
791 3230 956 3313 Stephano
984 3231 1024 3292 de
1049 3229 1155 3292 Crisio
1188 3229 1309 3292 restitui
1335 3228 1406 3292 flor.
1431 3247 1544 3307 unum,
1567 3246 1667 3309 quem

404 3337 534 3400 dederat
558 3337 766 3418 carpentariis
791 3338 821 3398 in
848 3337 1098 3418 campanili...
1125 3337 1194 3400 flor.
1222 3337 1241 3402 l.

510 3463 586 3524 ltern
613 3463 643 3523 in
671 3462 751 3524 festo
776 3483 800 3526 s.
826 3462 1022 3524 Scholastice
1056 3463 1199 3544 virginis,
1225 3461 1378 3542 magistro
1402 3457 1563 3540 Gregorio
1589 3457 1669 3538 lapi·

404 3570 474 3632 cide
498 3569 537 3630 ad
563 3571 657 3630 verba
684 3569 808 3630 domini
835 3569 989 3630 lobannis
1006 3569 1150 3630 custodis
1171 3567 1246 3630 dedi
1264 3586 1322 3649 pro
1346 3567 1448 3647 gradu
1473 3565 1505 3626 in
1530 3564 1607 3625 turri

406 3675 476 3738 flor.
501 3675 571 3737 XX.

513 3781 588 3842 ltem
615 3781 756 3842 secundo
781 3780 833 3841 die
858 3795 930 3863 post
954 3779 1069 3841 festum
1097 3781 1127 3843 b.
1153 3779 1264 3857 Marci,
1288 3779 1394 3842 eidem
1420 3779 1573 3860 magistro
1591 3777 1670 3839 Gre-

403 3888 496 3968 gorio
521 3887 659 3968 lapicide
692 3885 840 3950 similiter
872 3907 929 3969 pro
960 3887 1063 3968 gradu
1096 3887 1127 3947 in
1160 3889 1237 3949 turri
1271 3887 1346 3948 dedi
1379 3906 1417 3948 ex
1441 3885 1671 3947 commissione

405 3993 612 4056 dominorum
634 4043 640 4056 .
659 4041 693 4056 ..
717 3993 786 4057 flor.
810 3994 892 4058 XVl.

513 4118 589 4181 ltem
616 4118 696 4178 inira
720 4129 849 4179 octavas
875 4118 980 4196 Pasce,
1014 4119 1147 4199 quando
1171 4119 1359 4180 morabatur
1378 4117 1498 4199 gradus
1521 4117 1554 4178 in
1579 4117 1671 4194 turri,

405 4245 463 4306 pro
487 4225 635 4286 emendis
659 4223 798 4301 chordis,
822 4224 1009 4306 capisteriis,
1037 4225 1104 4287 tine
1129 4240 1161 4287 et
1185 4245 1248 4286 una
1273 4225 1346 4307 pala
1371 4224 1490 4286 zindici
1515 4223 1669 4288 dedi...

404 4333 465 4396 sol.
490 4332 601 4393 lllllll.

850 4455 1224 4522 MCCCCLXXXXVll.

512 4599 588 4660 ltem
615 4599 646 4659 in
680 4595 759 4660 festo
787 4598 943 4661 Anthonii
976 4596 1167 4661 confessoris
1191 4601 1231 4660 ad
1262 4603 1359 4661 verba
1384 4599 1592 4661 dominorum
1619 4599 1671 4661 Jo-

405 4707 519 4767 hannis
544 4704 728 4766 Goricensis
752 4719 783 4766 et
808 4703 940 4786 Georgii
959 4705 1069 4784 Bexin,
1094 4705 1409 4785 archidiaconorum,
1434 4705 1509 4766 dedi
1534 4705 1670 4766 domino

406 4811 542 4872 lohanni
568 4810 692 4872 custodi
718 4830 776 4892 pro
801 4811 946 4872 emendis
970 4811 1095 4872 vexillis
1112 4811 1151 4872 ad
1170 4831 1279 4873 cruces
1304 4812 1522 4876 minores...
1546 4810 1616 4874 flor.
1633 4811 1672 4874 V.

509 4915 585 4978 ltem
611 4917 643 4976 in
668 4915 749 4978 festo
774 4918 916 4978 Simonis
941 4932 972 4979 et
997 4917 1076 4978 lude
1102 4919 1324 5000 apostolorum
1354 4918 1429 4980 dedi
1454 4918 1588 4979 domino
1614 4919 1668 4979 lo·

406 5023 501 5083 hanni
520 5022 643 5083 custodi
663 5043 720 5106 pro
738 5023 923 5086 elevacione
940 5023 1048 5085 altaris
1066 5023 1150 5088 beati
1172 5025 1311 5088 Ladislai
1337 5024 1421 5106 regis
1440 5071 1496 5090 ...
1520 5023 1589 5088 flor.
1608 5023 1672 5088 llll.
1707 5025 1711 5034 “
