3804 5798
1008 1595 1071 1674 lV.

403 1846 615 1908 Iuoene’arium
647 1847 822 1906 cathedralis
851 1849 962 1906 ecclesie
999 1848 1202 1922 aagrabe'ensts
1235 1850 1433 1922 consignatum
1464 1867 1543 1906 anno
1572 1861 1663 1924 1502.

403 2075 509 2152 Feria
537 2085 642 2153 sexta
670 2077 834 2178 proxima
861 2085 947 2176 post
974 2077 1108 2153 festum
1126 2077 1314 2152 beatorum
1335 2074 1411 2152 Viti
1441 2084 1478 2152 et
1506 2075 1663 2152 Modesti

403 2201 599 2276 martirum.
626 2199 704 2276 Nos
734 2199 900 2276 Matheus
934 2201 979 2276 de
1018 2199 1256 2300 Zenghergh‚
1295 2197 1419 2275 Gallus
1448 2200 1493 2275 de
1521 2199 1663 2293 Mitule,

402 2324 622 2400 Benedictus
651 2325 696 2400 de
725 2325 953 2426 Petrowyna,
982 2333 1021 2400 et
1040 2323 1200 2400 Briccius
1230 2325 1275 2399 de
1300 2323 1472 2424 lwanych,
1502 2327 1664 2402 canonici

403 2451 555 2526 ecclesie
584 2449 843 2549 nagrabiensiS,
872 2473 937 2550 per
965 2447 1168 2549 Capitulum
1205 2448 1251 2523 ad
1280 2449 1540 2548 congreganda
1567 2450 1663 2525 bona

402 2580 441 2650 et
468 2597 527 2648 res
557 2573 712 2648 ecclesie
740 2573 913 2672 deputati,
932 2572 1097 2648 volentes
1118 2595 1176 2646 res
1195 2571 1293 2670 ipsas
1309 2570 1413 2668 juxta
1439 2573 1661 2648 voluntatem

403 2697 534 2773 domini
571 2698 686 2772 nostri
729 2697 891 2796 episcopi
935 2703 1166 2796 comportare
1209 2703 1247 2770 et
1293 2697 1396 2770 simul
1433 2719 1663 2797 congregare

403 2821 550 2897 easdem
591 2831 628 2896 et
667 2821 794 2897 eadem
831 2844 897 2921 pro
938 2820 1080 2896 tuiciori
1122 2822 1404 2896 conservacione
1433 2821 1663 2921 deposuimus

841 2945 950 3020 modo
979 2944 1223 3044 infrascripto.

506 3193 585 3254 Item
610 3193 641 3253 in
667 3193 778 3274 primis
802 3193 842 3254 ad
866 3211 963 3254 unam
989 3193 1100 3254 cistam
1132 3190 1284 3253 videlicet
1308 3190 1467 3274 depictam
1492 3193 1661 3274 posuimus

402 3299 552 3361 scutellas
576 3313 743 3381 argenteas
767 3299 944 3361 confractas
968 3299 1001 3360 in
1026 3317 1161 3360 numero
1179 3298 1293 3379 viginti
1319 3317 1415 3359 unam
1439 3298 1606 3360 scutellam
1632 3315 1662 3362 et

401 3407 461 3468 tria
485 3406 614 3468 salsaria
640 3419 671 3466 et
694 3405 831 3487 desuper
856 3425 956 3467 unum
981 3404 1176 3486 thapecium.

508 3529 585 3590 Item
611 3529 748 3612 desuper
772 3531 811 3590 ad
837 3529 972 3592 eandem
998 3530 1108 3590 cistam
1137 3529 1304 3610 posuimus
1328 3547 1424 3589 unam
1449 3547 1600 3610 mappam
1617 3529 1661 3590 al·

400 3637 477 3698 turis
503 3635 543 3697 de
567 3655 706 3719 purpure
731 3637 834 3698 electo
860 3637 1012 3696 deaurato
1047 3635 1137 3696 rubei
1162 3634 1289 3713 coloris,
1323 3653 1395 3696 cum
1420 3634 1548 3696 duobus
1571 3655 1660 3696 men-

401 3744 520 3804 salibus
544 3763 621 3805 auro
646 3743 760 3804 theutis
784 3743 823 3804 ad
848 3743 983 3804 eandem
1009 3761 1158 3824 mappam
1183 3741 1424 3823 pertinentibus.

508 3849 585 3910 ltem
609 3871 710 3912 unum
735 3851 865 3913 auleum
898 3849 1046 3911 similiter
1069 3868 1265 3931 purpureum
1299 3860 1456 3928 auratum,
1481 3848 1520 3909 de
1545 3849 1660 3911 eodem

403 3958 521 4036 colore,
546 3956 585 4016 ad
610 3957 792 4038 sepulcrum
819 3956 950 4018 Domini
975 3957 1148 4038 pertinens,
1176 3973 1298 4016 novum
1322 3968 1353 4015 et
1375 3974 1539 4036 magnum.

507 4064 585 4126 ltem
610 4063 675 4124 duo
700 4063 770 4125 vela
795 4083 853 4144 pro
877 4062 1047 4124 festivitate
1070 4075 1176 4124 sancte
1194 4061 1318 4139 Crucis,
1342 4061 1520 4142 composita
1544 4061 1583 4122 de
1608 4083 1660 4123 ve·

401 4172 470 4232 luto
495 4171 608 4248 electo,
633 4189 727 4247 nova,
752 4189 852 4230 unum
878 4171 968 4230 rubei
994 4183 1026 4231 et
1049 4168 1208 4250 reliquum
1234 4167 1315 4249 nigri
1341 4166 1469 4228 coloris.

506 4295 585 4356 Item
609 4295 649 4355 ad
674 4294 809 4355 eandem
835 4295 944 4356 cistam
966 4295 1135 4376 posuimus
1158 4294 1215 4354 tria
1242 4306 1349 4353 cantra
1373 4305 1523 4372 argentea
1547 4292 1587 4353 ad
1612 4313 1660 4354 sa·

401 4422 488 4464 crum
514 4402 627 4462 crisma
645 4415 828 4482 comparata
845 4422 919 4462 cum
936 4402 1037 4463 tribus
1055 4399 1219 4462 cocleariis
1237 4401 1319 4461 circa
1333 4399 1445 4461 eadem
1465 4400 1660 4462 necessariis.

506 4509 584 4569 Item
609 4527 709 4568 unum
734 4506 865 4587 ciphum
889 4523 1075 4588 argenteum
1100 4526 1248 4568 eumuna
1274 4526 1368 4588 parva
1394 4505 1594 4586 campanella
1619 4508 1660 4567 si-

401 4617 520 4677 militer
543 4627 703 4695 argentea.
1449 4685 1455 4700 ⁹

507 4720 583 4782 Item
609 4719 648 4780 ad
673 4718 809 4780 eandem
835 4719 943 4780 cistam
977 4719 1144 4800 posuimus
1176 4717 1361 4799 quindecim
1394 4730 1526 4799 patenas
1549 4736 1663 4798 argen-

399 4839 466 4888 teas
486 4826 661 4889 deauratas.

507 4932 582 4992 ltem
609 4932 648 4992 ad
673 4931 809 4991 eandem
827 4932 936 4992 cistam
956 4933 1122 5014 posuimus
1139 4947 1293 5013 quartuor
1310 4933 1431 4994 strictas
1456 4951 1529 4994 cum
1548 4952 1661 4996 earum

401 5038 480 5104 albis
505 5052 536 5099 et
561 5037 805 5124 (hlumeralibus
829 5038 868 5105 de
894 5039 1001 5104 colore
1025 5039 1218 5124 supradicto,
1241 5058 1351 5118 novas,
1375 5059 1560 5122 purpureas.
