3840 5800
781 415 798 452 δ

786 552 939 620 Raetiam.
1485 578 1545 640 315

392 771 470 833 Item
495 785 612 834 eotunc
638 771 766 833 duobus
793 771 1029 833 laboratoribus
1060 771 1212 832 videlicet
1235 771 1371 834 Nicolao
1397 772 1546 855 Zthoyko

287 877 327 940 de
352 877 502 940 Bidrascz
527 892 558 940 et
583 877 743 960 Gregorio
767 877 940 961 Zaualych,
965 878 1020 960 qui
1051 877 1297 940 cumulaverunt
1320 893 1352 941 et
1375 897 1548 960 congrege·

286 997 361 1046 runt
384 984 508 1067 Iapides
533 983 650 1046 fractos
673 985 713 1045 ad
738 985 917 1064 cumulum,
941 985 982 1046 ad
1016 984 1085 1046 dies
1109 983 1293 1064 duodecim,
1318 985 1358 1047 ad
1382 986 1467 1047 diem
1492 1005 1549 1068 per

286 1091 395 1156 denar.
417 1091 456 1156 V.
482 1091 574 1172 datia,
598 1091 664 1154 dati
691 1092 723 1153 ln
747 1103 888 1155 toto...
919 1089 989 1155 flor.
1012 1090 1033 1154 I.
1057 1090 1130 1154 den.
1154 1089 1223 1154 XX.

393 1197 471 1260 Item
496 1211 613 1260 eotunc
638 1196 801 1260 Clementi
831 1197 922 1260 labro
955 1197 994 1258 de
1019 1197 1201 1260 Thernawa
1231 1217 1289 1280 pro
1315 1196 1549 1262 reformacione

286 1305 574 1368 instrumentorum
588 1305 621 1366 in
634 1303 771 1368 fractura
789 1305 935 1387 lapidum
953 1304 1199 1384 destructorum,
1211 1324 1269 1387 per
1282 1318 1404 1367 certum
1422 1318 1549 1390 tempus

286 1411 326 1473 ad
351 1411 456 1473 dicam
480 1411 623 1494 signarit,
650 1410 743 1474 datus
767 1425 813 1474 est
829 1459 837 1474 .
854 1459 884 1475 ..
908 1409 978 1476 flor.
1001 1411 1024 1475 I.
1047 1410 1118 1475 den.
1142 1410 1207 1475 VII.

391 1517 471 1580 Item
504 1519 633 1580 Andrea
669 1517 760 1580 labro
796 1519 912 1580 iterum
946 1537 1006 1600 pro
1041 1516 1276 1582 reformacione
1321 1519 1416 1581 unius
1451 1519 1547 1582 malci

287 1623 407 1704 magni,
432 1624 497 1685 dati
521 1637 594 1686 sunt
612 1671 619 1687 .
636 1670 668 1688 ..
695 1625 767 1686 den.
791 1621 916 1688 XXXII.

393 1729 472 1792 Item
497 1727 650 1814 cui(dam)
668 1730 796 1792 Thoma
815 1729 957 1814 Bazrych
975 1730 1015 1792 de
1031 1730 1215 1792 Werhoucz
1239 1731 1340 1792 eciam
1358 1731 1389 1792 ln
1411 1729 1546 1792 Iractuta

286 1835 431 1919 lapidum
456 1857 513 1919 per
536 1857 590 1900 sex
614 1839 682 1899 dies
705 1837 860 1900 continuo
892 1837 1062 1915 laboranti,
1094 1837 1158 1898 dati
1183 1849 1256 1898 sunt
1272 1885 1280 1902 .
1296 1885 1327 1900 ..
1352 1836 1424 1901 den.
1447 1836 1546 1901 XXX.

393 1943 470 2006 Item
496 1945 528 2005 in
554 1944 635 2006 festo
659 1944 865 2006 Ascensionis
890 1944 1021 2006 Domini
1044 1959 1174 2005 venerat
1198 1943 1329 2026 quidam
1354 1944 1491 2027 lapicida
1510 1965 1547 2006 ex

286 2051 448 2112 Zamobor
465 2051 610 2112 Andreas
633 2051 775 2130 nomine,
798 2064 930 2112 vocatus
954 2070 1010 2132 per
1040 2050 1200 2129 domiuos,
1224 2063 1256 2112 et
1279 2050 1408 2112 tandem
1434 2051 1548 2113 iterum

287 2158 449 2237 remissus,
481 2158 533 2219 cui
566 2158 650 2219 idem
685 2157 809 2219 domini
842 2155 984 2220 lecerunt
1016 2157 1092 2219 dare
1120 2176 1178 2238 pro
1210 2157 1356 2238 expensis
1379 2177 1436 2219 seu
1461 2158 1549 2218 biba·

290 2265 449 2332 libus...
473 2264 543 2328 flor.
566 2263 588 2328 I.

393 2371 472 2433 Item
497 2390 555 2454 pro
580 2371 798 2453 disposicione
821 2383 852 2433 et
873 2370 1108 2434 reformacione
1125 2387 1275 2431 vasorum
1300 2371 1332 2432 in
1357 2371 1474 2453 quibus
1498 2389 1549 2432 ce·

291 2489 436 2538 mentum
463 2476 536 2539 duci
572 2477 709 2538 debebat
741 2491 805 2540 tam
840 2476 880 2538 ad
906 2477 1075 2558 magistros
1106 2489 1136 2538 et
1162 2475 1298 2538 clrculos
1322 2477 1454 2558 exposui
1479 2524 1486 2540 .
1511 2523 1549 2540 ..

291 2584 364 2646 den.
388 2583 515 2647 LXXV.
1205 2655 1208 2662 ¹

393 2689 471 2752 Item
495 2703 613 2752 eorunc
638 2689 772 2751 domino
798 2687 962 2770 Stephano
988 2688 1113 2773 Herycz
1130 2707 1189 2771 pro
1214 2708 1279 2750 uno
1304 2690 1403 2751 veteri
1429 2709 1502 2751 vase
1520 2703 1550 2751 et

287 2816 345 2879 pro
370 2797 442 2858 unis
465 2796 562 2858 trahis
586 2795 662 2857 dare
686 2795 858 2860 debui...
883 2795 956 2859 den.
978 2793 1060 2858 XXI.

392 2902 471 2966 Item
495 2901 572 2965 feria
605 2903 702 2964 tercia
734 2915 807 2984 post
830 2900 944 2964 lestum
978 2901 1204 2964 penthecostes
1229 2902 1330 2964 Paulo
1352 2921 1486 2983 swpano
1520 2915 1550 2963 et

290 3010 383 3072 Petro
408 3009 690 3092 Terzwymissich,
715 3029 752 3070 ex
781 3028 920 3090 quo...
952 3027 1008 3090 per
1040 3007 1191 3070 dominos
1222 3007 1262 3070 ad
1287 3008 1485 3072 labores...
1510 3027 1547 3068 ex

290 3118 518 3180 commissione
543 3116 751 3178 domiuorum
777 3115 919 3180 dati...
945 3114 1018 3179 den.
1042 3112 1111 3178 XX.

396 3223 472 3285 Item
498 3237 615 3284 eotunc
640 3223 702 3283 emi
716 3241 832 3283 novem
858 3221 963 3283 trahas
987 3221 1085 3304 vulgo
1117 3221 1240 3303 thragle
1264 3241 1321 3304 per
1345 3221 1417 3284 den.
1440 3221 1543 3284 V...

290 3327 365 3391 lecit
389 3329 462 3394 den.
487 3327 583 3394 XLV.

394 3437 472 3498 Item
496 3449 613 3498 eorunc
638 3435 700 3496 emi
725 3455 845 3497 asseres
870 3454 978 3496 curros
1003 3435 1084 3496 duos
1108 3454 1166 3517 pro
1183 3483 1190 3500 .
1207 3483 1238 3497 ..
1263 3434 1331 3497 flor.
1356 3433 1376 3498 l.
1401 3434 1472 3498 den.
1491 3434 1543 3499 VI.

393 3542 471 3603 Item
497 3555 613 3604 eotunc
638 3541 781 3603 Fabiano
807 3541 957 3623 Zeboych
975 3537 1014 3603 de
1040 3541 1199 3624 Bydrascz
1223 3561 1282 3623 pro
1307 3560 1369 3602 una
1394 3542 1550 3623 particula

288 3645 389 3726 fenili,
414 3668 469 3731 per
494 3668 590 3730 quarn
616 3647 675 3708 fuit
699 3648 749 3708 via
776 3647 855 3709 lacta
882 3629 962 3710 clrca
987 3649 1136 3726 calcitras,
1161 3647 1311 3712 dedi...
1337 3647 1409 3711 den.
1435 3646 1507 3713 XX.

396 3755 473 3817 Item
498 3753 576 3816 feria
602 3755 713 3836 quinta
739 3766 810 3836 post
844 3752 958 3816 lestum
996 3754 1250 3816 Phenthecosten
1285 3754 1400 3815 iterum
1435 3755 1549 3836 ulginti

290 3861 417 3924 duobus
453 3862 638 3923 hominibus
674 3861 798 3944 lapides
833 3860 1054 3942 frangentibus
1089 3861 1129 3924 ad
1171 3861 1239 3922 dies
1274 3860 1446 3923 duodecim
1484 3861 1548 3922 dati

290 3983 363 4031 sunt
379 4017 387 4032 .
404 4017 411 4032 .
428 4017 435 4032 .
461 3968 530 4031 flor.
556 3966 651 4032 XXII.

396 4075 473 4138 Item
501 4076 645 4136 Andreas
668 4075 821 4158 predialis
844 4095 939 4157 super
970 4075 1151 4137 attentione
1183 4076 1223 4137 ad
1248 4076 1378 4138 eosdem
1404 4075 1472 4136 dies
1496 4074 1550 4137 ha·

292 4183 362 4244 buit
384 4201 442 4264 pro
467 4181 658 4245 salario...
683 4181 752 4244 flor.
776 4177 800 4244 I.
826 4182 899 4246 den.
924 4179 992 4246 XX.

395 4287 474 4350 Item
498 4302 615 4349 eotunc
640 4287 767 4349 duobus
801 4288 1037 4349 laboratoribus
1071 4287 1221 4350 videlicet
1244 4289 1380 4350 Nicolao
1404 4288 1551 4372 Zthoylro

289 4409 320 4456 et
345 4393 475 4456 Thoma
501 4395 642 4479 Bazrych
668 4394 699 4454 in
718 4392 854 4455 fractura
881 4394 1026 4475 lapidum
1043 4394 1265 4456 laborantibus
1290 4407 1320 4457 et
1336 4394 1460 4476 lapides
1476 4413 1551 4455 con-

288 4503 506 4585 gregantibus,
530 4502 571 4563 ad
596 4501 861 4580 diesduodecIm
887 4501 952 4563 dati
976 4515 1051 4562 sunt
1068 4551 1075 4564 .
1093 4549 1127 4564 ..
1159 4500 1228 4565 flor.
1252 4502 1272 4564 I.
1298 4501 1371 4565 den.
1395 4498 1464 4564 XX.

398 4610 475 4672 Item
501 4623 618 4671 eotunc
651 4607 811 4670 Clementi
838 4609 1072 4692 Bozyakouecz
1104 4627 1161 4690 pro
1193 4609 1303 4670 decem
1328 4607 1404 4670 riuis
1428 4607 1551 4687 fiendis,

291 4716 356 4778 dati
380 4731 529 4779 sunt...
555 4716 627 4780 den.
650 4714 716 4779 XL.

400 4825 478 4885 Item
515 4838 631 4885 eotunc
668 4823 807 4885 Martino
842 4823 1013 4904 tegulatori
1047 4842 1105 4904 pro
1129 4822 1264 4903 prIstino
1295 4842 1353 4883 suo
1385 4822 1494 4884 debito
1520 4823 1551 4882 in

292 4929 412 4993 factura
448 4931 569 4992 calcine
605 4931 766 5008 reservire,
802 4929 894 4990 datus
940 4950 977 4991 ex
1013 4931 1239 4996 commIssione
1275 4931 1552 4994 dominorum...

291 5035 361 5102 flor.
393 5035 415 5100 I.
