3842 5802
598 1633 725 1730 (Anno
754 1632 909 1720 Domini
937 1629 1278 1734 macuculam.)

309 1990 398 2065 ltem
435 1992 468 2065 in
505 2014 597 2066 anno
628 1989 771 2065 Domini
811 1991 997 2066 millesimo
1034 1990 1388 2090 quadringentesimo
1426 1997 1572 2089 septua-

307 2115 451 2214 gesimo
480 2116 605 2204 tercio,
626 2123 792 2214 tempore
812 2114 980 2190 videlicet
1004 2109 1180 2202 iudicatus
1211 2112 1391 2190 Valentini
1421 2112 1479 2188 filii
1509 2113 1571 2188 mi-

308 2237 443 2314 chaelis
471 2237 631 2336 (judicis)
675 2239 830 2314 civitatis
868 2246 1072 2338 prenotate,
1110 2261 1261 2338 presens
1291 2245 1474 2313 caternum
1514 2245 1573 2314 est

307 2361 440 2436 facturn
462 2361 518 2436 die
538 2361 716 2437 dominico
737 2362 900 2460 proximo
919 2371 1004 2438 ante
1023 2362 1155 2438 festum
1175 2359 1442 2437 Purificacionis
1462 2362 1571 2438 beate

309 2483 423 2560 Marie
443 2507 588 2585 semper
606 2486 754 2584 virginis
775 2485 948 2584 gloriose,
969 2485 1128 2585 proxime
1153 2494 1350 2577 venturum,
1380 2508 1488 2585 super
1516 2509 1570 2560 re-

311 2609 538 2708 gistracione
566 2609 748 2684 literarum
775 2607 1049 2708 privilegialium
1079 2609 1205 2684 civium
1225 2615 1264 2684 et
1291 2609 1568 2685 inhabitatorum

435 2732 590 2807 civitatis
619 2741 823 2831 prenotate,
853 2732 960 2808 modo
990 2743 1028 2808 et
1057 2732 1181 2808 ordine
1210 2732 1462 2832 intrascriptis.

814 3001 878 3074 (31.
894 2999 1059 3074 januarii).

415 3137 492 3200 ltem
517 3138 594 3219 quia
628 3138 762 3220 provida
794 3139 910 3200 mulier
943 3139 1039 3200 Stans
1072 3151 1183 3200 vocata
1216 3139 1325 3200 relicta
1357 3137 1493 3200 condam
1520 3139 1572 3200 Jo-

304 3246 420 3308 hannis
444 3245 612 3324 carnificis,
636 3246 715 3307 olim
740 3245 817 3307 civis
850 3245 933 3308 dicte
967 3247 1114 3325 civitatis,
1146 3243 1204 3307 filii
1237 3244 1375 3307 condam
1400 3245 1567 3306 Benedicti

307 3353 445 3415 cursoris
470 3352 585 3413 Hwala
610 3352 698 3432 dicti,
723 3350 780 3414 filii
806 3352 973 3432 Anthonii,
1003 3353 1081 3414 olim
1117 3353 1265 3414 similiter
1296 3352 1438 3414 concivis
1462 3353 1573 3430 nostri,

307 3459 454 3521 vendidit
485 3458 649 3540 quandam
682 3460 809 3520 vineam
842 3457 955 3541 prelati
997 3459 1134 3521 condam
1169 3459 1334 3521 Benedicti
1370 3459 1508 3521 cursoris
1540 3460 1572 3520 in

304 3567 468 3629 territorio
493 3565 629 3628 civitatis
652 3565 806 3648 predicte,
830 3565 913 3628 inter
946 3566 1057 3627 vineas
1081 3567 1121 3628 ab
1154 3585 1228 3645 una,
1259 3565 1411 3626 videlicet
1434 3579 1571 3648 septem-

306 3673 436 3736 trionali
460 3685 549 3755 parte
574 3672 708 3753 provide
742 3673 885 3734 molieris
917 3671 1042 3753 Agatha
1079 3686 1190 3733 vocate
1223 3671 1331 3733 relicte
1356 3672 1494 3733 condam
1519 3672 1572 3732 lo·

307 3780 423 3841 hannis
446 3777 603 3841 carnificis
629 3777 804 3862 Banychyn
830 3778 905 3840 dicti
938 3779 1096 3840 consortis
1120 3778 1299 3842 Clementis
1324 3778 1453 3840 Kechka
1486 3777 1572 3856 dicti,

308 3906 345 3947 ac
370 3885 538 3947 Laurencii
563 3905 675 3968 sporar
698 3885 834 3946 senioris
858 3885 950 3964 jurati
976 3899 1007 3947 et
1031 3885 1212 3946 concivium
1247 3899 1441 3962 nostrorum,
1465 3905 1481 3946 a
1507 3903 1571 3946 me·

309 3992 435 4053 ridione
459 3991 601 4054 habitam
635 4004 666 4052 et
698 3991 897 4070 existentem,
933 3991 1070 4074 desuper
1106 4012 1123 4052 a
1155 3993 1206 4054 via
1239 3992 1403 4054 communi
1436 4005 1467 4052 et
1491 3989 1572 4052 infra

307 4118 409 4180 usque
434 4099 586 4176 rivulum,
610 4097 708 4159 simul
726 4117 798 4158 cum
824 4097 965 4179 virgulto
989 4099 1048 4158 sibi
1067 4097 1258 4180 subjacenti,
1283 4099 1386 4180 ipsam
1412 4099 1452 4160 ab
1477 4098 1571 4159 Eme·

307 4204 374 4265 rico
399 4204 481 4285 Sega
505 4203 591 4266 dicto
617 4203 796 4287 emptionis
820 4204 916 4265 titulo
949 4219 1134 4285 tangentem
1159 4219 1190 4266 et
1214 4219 1473 4283 concernentem,
1498 4223 1570 4286 pro·

306 4310 384 4372 vido
408 4311 477 4372 viro
500 4311 675 4372 Benedicto
693 4311 793 4372 sutori
813 4310 941 4372 Gerdalr
959 4311 1058 4390 dicto,
1076 4312 1200 4373 concivi
1218 4326 1339 4389 nostro,
1357 4311 1573 4391 vendidisset3

307 4417 359 4479 cui
384 4417 457 4479 data
481 4433 527 4478 est
551 4417 643 4479 litera
669 4431 775 4480 nostra
800 4418 1011 4500 privilegialis
1039 4439 1095 4479 seu
1120 4418 1204 4480 dicte
1228 4419 1375 4480 civitatis.

415 4523 490 4585 ltem
518 4525 593 4605 quia
619 4525 777 4586 Martinus
801 4524 945 4587 literatus
977 4523 1063 4586 filius
1095 4523 1243 4605 Gregorii
1269 4525 1308 4586 de
1334 4521 1509 4585 Beththecz
1542 4535 1573 4584 et

308 4631 348 4690 de
375 4629 537 4714 Dobryna,
562 4631 704 4691 concivis
728 4645 846 4709 noster,
870 4631 1017 4692 vendidit
1045 4643 1164 4692 turrem
1197 4649 1286 4690 suam
1312 4648 1385 4690 com
1411 4627 1518 4690 lundis
1542 4641 1572 4689 et

307 4734 465 4797 hedificiis
489 4737 521 4797 iu
546 4735 630 4798 dicta
655 4737 793 4814 civitate,
818 4737 958 4799 mediam
991 4737 1113 4798 curiam
1138 4737 1177 4798 ad
1211 4755 1304 4797 usum
1329 4735 1412 4797 dicte
1437 4734 1572 4796 civitatis

308 4841 341 4902 in
366 4861 399 4902 se
424 4843 655 4920 continentem,
681 4861 807 4903 necnon
837 4844 1011 4924 quemdam
1037 4844 1136 4905 alium
1163 4843 1298 4905 fundum
1322 4862 1416 4904 suum
1442 4863 1457 4902 a
1484 4854 1571 4924 parte

308 4947 525 5027 meridionali,
549 4948 758 5030 providarum
776 4949 946 5010 mulierem
971 4949 1141 5012 Elizabeth
1160 4950 1267 5011 relicte
1293 4963 1323 5010 et
1348 4949 1483 5030 Agnetis
1507 4946 1570 5010 filie

307 5055 444 5126 condam
470 5055 589 5127 Mathie
614 5055 754 5148 agricole
781 5055 918 5148 Fraylyn
945 5055 1032 5140 dicti,
1058 5070 1088 5126 et
1113 5075 1214 5146 usque
1241 5057 1324 5120 viam
1350 5075 1406 5122 seu
1430 5055 1570 5144 plateam
