3840 5800
383 561 444 627 272
943 540 1095 602 Ratr'ones.

488 754 566 818 Item
591 753 669 816 feria
701 752 842 815 secunda
870 752 901 814 in
935 751 1016 814 lesto
1050 752 1184 833 Agnetis
1213 752 1306 813 Petro
1338 749 1538 813 fenestratori
1570 747 1647 810 dedi

382 863 414 924 in
440 860 596 925 Gemlech
703 860 762 924 sol.
787 857 863 922 llll⁰.

490 968 614 1030 Eodem
640 966 692 1028 die
717 967 792 1030 dedi
819 965 983 1048 Stephano
1012 965 1254 1046 sagittario...
1279 965 1338 1028 sol.
1363 962 1488 1028 XXXII.

488 1074 617 1137 Thome
642 1072 852 1157 ngdkoych
870 1122 877 1136 .
896 1121 927 1136 ..
952 1072 1012 1138 sol.
1036 1072 1076 1135 X.

489 1180 566 1242 Item
593 1180 632 1241 ad
658 1179 909 1262 disposicionem
935 1197 1018 1240 nove
1043 1180 1121 1240 sube
1150 1178 1274 1240 domini
1299 1179 1362 1240 emi
1388 1179 1428 1240 ab
1452 1177 1579 1263 Andrys
1597 1198 1646 1238 se-

384 1288 485 1350 ritum
510 1285 634 1348 filatum
658 1285 860 1366 nigrum...
886 1284 943 1348 sol.
967 1283 1035 1346 Xll.

489 1391 567 1454 Item
592 1411 650 1475 pro
675 1390 815 1473 quadam
840 1390 931 1452 litera
965 1411 982 1452 a
1007 1389 1160 1474 Capitulo
1189 1405 1330 1474 excepta,
1362 1393 1499 1455 sericum
1524 1409 1582 1473 pro
1607 1389 1648 1450 si·

384 1499 540 1581 gillo...
565 1497 624 1562 sol.
649 1495 700 1560 Vl.

489 1602 569 1668 Item
589 1624 660 1666 cum
681 1603 798 1664 dictam
821 1622 939 1666 novam
955 1605 1067 1665 subam
1082 1603 1207 1664 domini
1232 1603 1378 1664 miseram
1389 1615 1460 1684 post
1477 1602 1647 1664 dominum

384 1711 696 1790 reverendissimum,
715 1711 897 1773 Emericum
916 1708 1084 1788 famulum,
1102 1724 1133 1771 et
1157 1728 1215 1792 pro
1232 1709 1378 1792 expensis
1402 1708 1477 1770 dedi
1495 1710 1524 1772 ei
1545 1759 1551 1772 .
1573 1757 1600 1773 ..

386 1817 444 1882 sol.
467 1815 564 1881 XXII.

491 1923 568 1986 Item
595 1921 672 1986 feria
697 1935 809 2006 quarta
841 1935 914 1984 ante
946 1920 1062 1984 festum
1098 1921 1328 1984 Conversionis
1362 1921 1445 1982 beati
1472 1921 1561 1982 Pauli
1587 1920 1646 1981 mi·

386 2049 488 2092 seram
514 2029 715 2092 DemetrIum
740 2028 898 2091 famulum
924 2048 1031 2089 meum
1065 2028 1104 2088 ad
1130 2027 1222 2088 villas
1255 2046 1312 2109 pro
1337 2025 1550 2088 reformandis
1575 2027 1646 2107 qui·

387 2137 522 2199 busdam
547 2137 642 2198 rebus
667 2151 697 2198 et
722 2137 765 2198 ibi
789 2135 1014 2218 exposuit...
1043 2135 1101 2199 sol.
1126 2132 1239 2197 XXVI.

492 2243 571 2304 ltem
593 2243 726 2304 sabbato
742 2255 813 2324 post
830 2240 943 2302 lestum
963 2239 1195 2302 Conversionis
1212 2240 1295 2301 beati
1314 2240 1403 2302 Pauli
1422 2241 1452 2301 in
1474 2238 1650 2302 Gemlech:

494 2348 634 2411 iohanni
660 2347 814 2410 Komathi
838 2347 989 2410 dedi...
1015 2347 1073 2410 sol.
1101 2348 1134 2408 L.

491 2455 630 2516 lohanni
656 2453 822 2516 Dankhazi
842 2503 849 2518 .
870 2505 872 2511 .
894 2505 899 2518 .
924 2454 984 2515 sol.
1009 2454 1044 2515 L.

493 2561 587 2622 Petro
613 2559 747 2622 lehaz
766 2608 771 2620 .
793 2609 825 2622 ..
850 2560 909 2624 sol.
935 2559 960 2620 L

493 2667 631 2729 Michael
657 2665 789 2728 Hander
806 2715 813 2728 .
832 2713 865 2728 ..
895 2666 953 2728 sol.
979 2665 1016 2727 L.

493 2775 658 2837 Demetrio
684 2773 814 2836 Kelesdi
833 2824 837 2833 .
858 2821 865 2836 .
888 2825 893 2834 .
918 2772 977 2836 sol.
1004 2772 1144 2836 LXVIII.

494 2881 633 2944 Martino
659 2881 773 2942 Marcis
792 2929 798 2942 .
817 2927 850 2943 ..
875 2879 934 2940 sol.
958 2876 1005 2941 ll0.

494 2990 570 3051 Item
590 2987 706 3049 eodem
723 2986 774 3048 die
793 2986 867 3047 dedi
884 3005 943 3068 pro
961 2986 1139 3048 babacIone
1157 3005 1317 3067 equorum
1343 2985 1486 3067 Georgio
1504 2984 1596 3048 fabro
1608 3035 1615 3048 .
1627 3034 1654 3050 ..

387 3096 447 3164 sol.
472 3096 509 3160 L.

494 3199 570 3264 Item
596 3198 673 3261 feria
697 3214 783 3261 sexta
809 3200 841 3260 in
876 3197 985 3280 vigiIIa
1019 3211 1050 3260 et
1081 3198 1215 3260 sabbato
1240 3201 1271 3260 ln
1307 3198 1388 3262 festo
1414 3198 1656 3262 Purificacionis

394 3309 494 3371 Mane
518 3306 558 3368 ad
583 3319 721 3368 castrum
745 3306 808 3367 emi
833 3306 1010 3388 pisces...
1035 3305 1094 3366 sol.
1118 3303 1219 3367 XXV.

494 3411 572 3475 Item
597 3409 675 3472 feria
688 3410 827 3473 secunda
841 3427 913 3493 post
930 3408 1045 3471 festum
1065 3409 1161 3471 Blasii
1181 3411 1244 3472 emi
1262 3411 1426 3474 candellae
1443 3460 1451 3476 .
1470 3461 1476 3474 .
1498 3464 1504 3476 .
1523 3412 1582 3476 sol.
1601 3411 1655 3474 Vl.

494 3518 624 3580 Andree
648 3517 807 3600 pixidario
832 3517 862 3578 in
893 3516 1050 3579 Gemlech
1069 3565 1075 3580 .
1095 3567 1123 3580 ..
1150 3515 1183 3580 l‘,

782 3709 1036 3772 Communes
1072 3731 1263 3793 expense.

498 3853 576 3916 Item
601 3851 678 3914 feria
704 3866 814 3934 quarta
847 3867 919 3936 post
949 3852 1066 3916 festum
1098 3854 1262 3918 Dorothee
1295 3855 1443 3916 miseram
1469 3855 1654 3918 Emericum

386 3959 549 4023 ¹lamulum
575 3979 684 4022 meum
708 3979 781 4021 cum
806 3960 999 4041 quibusdam
1026 3961 1126 4022 literis
1154 3974 1226 4043 post
1251 3959 1445 4042 Gregorium
1481 3961 1521 4023 de
1547 3963 1654 4024 Zthw·

392 4070 492 4150 bycza
516 4081 547 4130 et
571 4067 676 4128 eidem
701 4067 740 4128 ad
758 4085 912 4148 expensas
936 4067 1035 4130 dedi.
1080 4116 1086 4129 .
1110 4069 1169 4130 sol.
1192 4067 1231 4130 X.

496 4174 574 4236 Item
600 4172 678 4234 seria
702 4187 788 4234 sexta
812 4175 957 4255 sequenti
984 4174 1057 4234 misi
1083 4173 1282 4235 Demetrium
1309 4193 1443 4254 parvum
1469 4174 1603 4236 deam
1625 4191 1656 4238 et

391 4281 498 4342 eidem
523 4281 562 4342 ad
588 4300 741 4362 expensas
765 4281 916 4342 dedi...
941 4281 1000 4342 sol.
1024 4279 1056 4344 ll.

497 4387 575 4449 Item
609 4388 724 4448 eodem
753 4387 805 4447 die
837 4406 895 4469 pro
927 4387 1122 4468 quibusdam
1148 4385 1239 4448 factis
1270 4387 1395 4448 domini
1420 4401 1487 4450 erat
1512 4387 1656 4450 Chasme

391 4493 544 4556 dominus
567 4491 786 4573 suffraganeus
811 4493 882 4562 misi
907 4494 935 4554 ei
960 4513 1018 4576 pro
1051 4494 1188 4576 prandIo
1211 4494 1389 4576 pisces...
1415 4495 1475 4557 sol.
1500 4493 1610 4578 XIIV.

495 4598 573 4662 Item
598 4599 661 4660 emi
686 4600 726 4660 ad
751 4612 887 4660 castrum
913 4601 1016 4682 pisces
1040 4619 1098 4682 pro
1123 4601 1338 4683 prandio...
1362 4602 1421 4662 sol.
1447 4599 1515 4665 XX.

498 4705 575 4766 Item
607 4707 741 4766 sabbato
776 4705 808 4766 in
842 4704 922 4766 lesto
958 4707 1121 4788 Apolonie
1156 4707 1196 4768 ad
1234 4721 1370 4768 castrum
1404 4705 1559 4769 Gemlech
1592 4708 1655 4769 emi

391 4831 502 4892 sepum
522 4858 527 4870 .
547 4860 553 4872 .
573 4859 579 4874 .
605 4811 664 4875 sol.
691 4809 784 4875 l⁰XL.

498 4916 574 4976 Item
601 4915 715 4976 eodem
740 4916 792 4977 die
817 4917 887 4977 misi
914 4916 1108 4999 Gregorium
1139 4939 1272 5000 parvum
1298 4939 1370 4982 cum
1397 4918 1591 5000 quibusdam
1616 4919 1654 4980 li·

393 5021 467 5082 teris
492 5023 574 5082 clrca
599 5022 757 5083 notarium
784 5023 969 5084 Ladislaum
1002 5025 1040 5084 de
1067 5023 1195 5087 Greben
1222 5039 1252 5087 et
1288 5026 1372 5086 idem
1399 5024 1576 5107 Gregorius
1606 5026 1657 5086 bis

395 5125 505 5186 habuit
529 5126 569 5186 ad
593 5146 666 5188 eum
692 5128 869 5208 ambulare,
895 5130 1115 5211 exposuit...
1140 5131 1198 5192 sol.
1223 5129 1293 5196 XX.
