3804 5798
413 659 473 710 222
958 640 1107 710 Rett'onct.

517 861 595 923 Item
628 861 701 924 dedi
736 861 898 924 Clementi
932 859 1023 922 labro
1056 859 1108 921 IIII
1142 878 1215 921 cum
1248 859 1353 920 media
1387 879 1484 941 pensa
1509 860 1594 938 dem,
1621 862 1677 942 qui

411 968 569 1030 laboravit
591 968 631 1030 ad
656 981 764 1050 portus
788 967 828 1028 de
852 967 969 1029 arberii
997 965 1085 1030 habli
1110 979 1142 1028 et
1165 965 1265 1048 panti,

518 1074 559 1136 Et
583 1074 699 1136 iterum
724 1073 798 1136 dedi
830 1073 937 1135 eidem
960 1073 990 1134 X
1022 1072 1107 1152 dem,
1140 1072 1195 1154 qui
1228 1072 1386 1134 laboravit
1410 1091 1511 1134 unum
1535 1086 1613 1156 pant
1636 1073 1675 1135 ad

411 1194 537 1262 portam
562 1199 712 1262 magnam
736 1197 866 1259 novam,
890 1179 946 1261 qui
970 1177 1031 1241 fuit
1054 1177 1182 1242 fractus.

516 1287 594 1350 Item
619 1286 694 1350 dedi
719 1285 870 1348 Michaeli
895 1285 1021 1348 notario
1043 1285 1181 1348 civitatis
1205 1283 1263 1346 XII
1287 1283 1357 1348 flor.

518 1392 596 1454 Item
622 1394 685 1454 emi
710 1393 821 1454 oleum
845 1391 885 1453 ad
911 1391 1095 1473 lampadem
1129 1391 1263 1453 ecclesie
1287 1409 1345 1473 pro
1371 1389 1411 1451 lII
1435 1391 1504 1454 flor.

517 1499 596 1560 Item
623 1499 697 1560 dedi
722 1499 861 1581 plebano
886 1497 925 1560 lll
948 1497 1017 1560 flor.
1043 1517 1101 1580 pro
1126 1499 1221 1560 missa
1248 1497 1431 1561 ›Cibavit‹.

517 1605 595 1667 Item
620 1604 696 1667 dedi
720 1605 939 1688 campanetori
964 1603 976 1666 l
1000 1604 1079 1683 flou,
1103 1604 1159 1685 qui
1178 1605 1323 1682 recessit;
1348 1605 1424 1666 item
1450 1604 1524 1666 dedi
1550 1624 1677 1687 campa·

413 1713 518 1774 natori
543 1731 629 1774 novo
650 1713 678 1773 V
702 1713 831 1793 ngvnas
855 1711 962 1774 minus
985 1711 1107 1779 XXXX
1133 1709 1207 1774 deu.

516 1819 593 1880 Item
618 1818 692 1880 dedi
717 1817 936 1901 campanatori
961 1817 1000 1879 de
1036 1837 1143 1900 pauno
1169 1818 1179 1878 l
1205 1816 1286 1896 flou,
1311 1817 1455 1900 jopulam
1478 1837 1536 1900 pro
1561 1818 1670 1880 medio

411 1923 491 2002 flor„
517 1925 602 1987 idem
628 1925 746 2004 caIIgas
769 1944 827 2008 pro
854 1925 878 1986 L
904 1923 995 2000 den.;
1020 1924 1095 1986 item
1121 1923 1243 1986 redemi
1267 1924 1410 1986 tunIcam
1435 1944 1451 1985 a
1476 1937 1595 1986 sartore
1614 1945 1673 2006 pro

412 2031 502 2092 XXV
527 2031 600 2093 den.

517 2138 594 2200 Item
620 2137 694 2197 dedi
719 2135 849 2198 Thome
884 2135 1046 2218 Ireniparo
1072 2137 1097 2198 L
1122 2137 1206 2215 den,
1239 2137 1295 2219 qui
1326 2136 1485 2199 laboravit
1509 2137 1674 2219 cingulum

410 2244 450 2305 ad
476 2244 619 2326 IInguam
645 2261 761 2324 magne
786 2261 951 2325 campane.

517 2350 593 2412 Item
619 2349 693 2410 dedi
718 2348 802 2410 XIIII
828 2350 900 2412 den.
919 2365 977 2432 pro
996 2367 1060 2410 uno
1078 2369 1171 2411 curru
1197 2349 1236 2412 de
1253 2349 1352 2430 virgis
1375 2349 1415 2410 ad
1440 2350 1673 2432 preparaudam

410 2475 518 2538 sepem
543 2456 625 2518 inter
648 2455 768 2516 scolam
793 2468 823 2516 et
847 2473 1014 2540 precones.

865 2559 998 2624 Summa
1023 2560 1098 2623 lacit
1121 2562 1224 2624 XXVI
1249 2561 1317 2626 flor.
1341 2575 1373 2623 et
1397 2561 1530 2624 CCXVI
1555 2563 1628 2626 deu.

517 2669 596 2732 Item
622 2669 696 2732 dedi
722 2670 875 2752 magistro
899 2669 986 2730 scole
1011 2669 1052 2730 IX
1078 2668 1146 2732 flor.

517 2775 595 2839 Item
621 2776 694 2838 dedi
720 2777 913 2858 preconibus
946 2775 971 2836 ll
1002 2775 1131 2856 grivnas
1163 2788 1194 2836 et
1229 2793 1287 2857 pro
1319 2774 1447 2836 duobus
1480 2774 1611 2838 florenis
1635 2775 1674 2836 de

412 2901 531 2964 panno,
554 2902 613 2965 pro
638 2883 748 2965 caligis
773 2881 800 2944 C
826 2883 910 2961 dem,
935 2895 966 2943 et
990 2901 1048 2964 pro
1073 2881 1192 2964 jopulis
1226 2881 1280 2942 Vll
1305 2901 1421 2964 pensas
1442 2881 1516 2946 den.

516 2987 594 3049 Item
619 3007 678 3070 pro
702 2987 808 3070 pileiis
832 2987 950 3050 LXXX
975 2987 1047 3050 den.

517 3093 594 3156 Item
620 3095 742 3157 redemi
767 3095 890 3158 tumeas
915 3095 1058 3177 ipsorum
1091 3115 1108 3156 a
1134 3108 1255 3158 sertore
1279 3113 1337 3177 pro
1363 3093 1416 3156 LII
1442 3094 1516 3158 den.

515 3199 592 3261 Item
618 3200 681 3262 emi
699 3219 798 3262 unum
815 3220 943 3262 currum
957 3219 1076 3262 asseres
1093 3214 1124 3263 et
1146 3200 1278 3281 triginta
1304 3220 1424 3261 asseres
1448 3200 1487 3262 ad
1513 3201 1673 3262 arberium
1809 3193 1815 3210 '

411 3319 572 3367 muratum
597 3321 670 3369 ante
694 3321 819 3388 portam
844 3307 1005 3390 lapideam
1040 3327 1097 3389 pro
1122 3306 1283 3370 CXXVIII
1317 3307 1402 3386 den,
1427 3323 1458 3369 et
1482 3308 1592 3369 clavos
1616 3327 1673 3389 pro

413 3413 500 3472 LXX
525 3413 598 3476 den.

517 3519 595 3581 Item
620 3519 694 3580 dedi
719 3533 841 3603 septem
873 3520 1081 3603 carpentariis
1113 3520 1140 3582 C
1169 3535 1200 3582 et
1223 3519 1280 3582 XII
1315 3520 1400 3599 deu„
1424 3521 1480 3602 qui
1506 3519 1673 3583 edificave-

412 3637 486 3685 runt
511 3624 592 3685 iIlud
617 3625 789 3686 arberium.

515 3731 594 3792 Item
619 3731 652 3792 in
679 3730 759 3793 festo
777 3732 877 3794 Elene
901 3731 1146 3815 propinavaus
1162 3731 1297 3794 domino
1322 3732 1413 3793 Bano
1438 3751 1538 3794 unum
1559 3734 1673 3794 bovem
1724 3787 1728 3796 .

410 3856 469 3918 pro
493 3837 518 3898 II
543 3837 623 3917 tlon,
648 3838 725 3900 item
750 3859 848 3920 panes
873 3859 931 3922 pro
956 3836 1045 3900 CXX
1067 3838 1152 3917 dem,
1177 3839 1254 3900 item
1272 3839 1311 3900 de
1336 3839 1457 3921 pabulo
1481 3859 1539 3921 pro
1565 3839 1674 3917 Iflon,

410 3943 450 4004 de
475 3942 550 4005 leno
576 3941 602 4006 C
627 3944 712 4022 den„
737 3945 776 4005 de
800 3945 1006 4006 stramInibus
1030 3964 1089 4028 pro
1114 3945 1139 4007 L
1164 3945 1237 4008 deu.

515 4049 592 4111 Item
618 4071 674 4132 per
699 4050 886 4113 mandatum
911 4051 1035 4113 domini
1062 4052 1141 4114 Bani
1170 4052 1402 4114 destInavaus
1425 4073 1524 4115 unum
1549 4053 1674 4115 literam

410 4156 534 4216 domiui
560 4156 639 4218 Beni
664 4157 703 4218 sd
729 4157 878 4219 comitem
906 4155 1104 4240 Stephanum
1130 4172 1161 4220 et
1185 4157 1258 4220 dedi
1286 4159 1378 4221 latori
1405 4159 1432 4221 C
1458 4159 1532 4222 deu.

518 4261 595 4324 Item
622 4262 697 4323 dedi
722 4277 860 4344 quatuor
884 4264 1091 4346 carpentariis
1116 4263 1228 4326 LXIIII
1255 4263 1340 4342 den,
1365 4265 1421 4346 qui
1446 4265 1674 4346 cooperierunt

410 4387 484 4449 sepe
509 4381 581 4428 ante
598 4382 736 4450 portam,
753 4383 784 4431 et
807 4367 950 4430 secundo
967 4367 1020 4430 die
1040 4369 1119 4431 'dedi
1136 4371 1288 4432 omnibus
1311 4371 1384 4432 XVI
1409 4371 1481 4436 deu.
1507 4372 1539 4433 in
1557 4371 1671 4434 eodem

410 4474 532 4541 labore.

516 4579 594 4641 Item
629 4581 692 4642 emi
724 4581 790 4642 duo
822 4601 933 4644 currus
963 4600 1105 4644 asserum
1136 4601 1195 4664 pro
1227 4581 1378 4644 CXXXX
1412 4583 1499 4663 den„
1523 4597 1555 4644 et
1579 4603 1674 4645 unam

410 4685 533 4746 trabem
559 4686 597 4747 ad
624 4686 759 4748 eandem
783 4707 892 4770 sepem
917 4706 976 4770 pro
1008 4687 1067 4749 XV
1100 4687 1185 4766 den„
1210 4702 1241 4748 et
1272 4689 1381 4750 elavos
1406 4709 1465 4771 pro
1490 4689 1578 4750 LXX
1604 4689 1673 4750 den.

517 4792 594 4854 Item
620 4792 697 4856 feria
714 4795 811 4857 tercia
828 4809 901 4856 aute
919 4793 1034 4856 festum
1053 4792 1280 4858 penthecostes
1296 4795 1541 4878 propInavimus
1558 4814 1674 4856 munus

412 4897 566 4959 Ladialao
590 4899 752 4982 Vesanny‚
777 4901 897 4962 nuncio
915 4901 1039 4962 domiui
1058 4901 1151 4982 regis,
1176 4900 1216 4962 de
1233 4901 1354 4982 pabulo
1379 4921 1437 4984 pro
1461 4901 1583 4963 XXXX
1602 4915 1673 4963 octo

410 5004 495 5081 den„
520 5019 549 5064 et
572 5005 679 5085 pullos
702 5007 802 5068 XVIII
827 5007 911 5092 den,
936 5019 967 5067 et
990 5025 1089 5086 panes
1113 5006 1185 5067 XVI
1210 5006 1284 5069 den.

837 5111 969 5172 Summa
996 5109 1070 5172 facit
1093 5111 1180 5173 XXII
1205 5111 1275 5174 flor.
1302 5125 1332 5174 et
1358 5113 1532 5174 LXXVIIII
1557 5113 1630 5175 den.
