3810 5806
791 523 977 586 Inventoria.
1465 545 1523 608 ¹37

260 740 337 822 cipit
360 758 433 800 cum
459 740 606 802 rubrica?
632 739 684 800 »ln
710 739 884 800 dominicis
916 738 955 797 ad
983 737 1216 811 Nocturnum«¹
1242 737 1362 796 babens
1386 735 1522 817 capitale

261 866 448 925 cumauro,
481 861 511 908 et
544 847 576 906 in
608 844 671 907 fine
702 845 805 926 prime
837 843 952 925 pagine
991 842 1123 903 secundi
1157 841 1225 903 folii
1258 840 1342 902 finit:
1376 841 1523 920 »Exurge

261 952 490 1032 dolmine)‹‚et
507 953 538 1013 in
548 950 610 1014 fine
620 951 693 1014 libri
711 949 795 1013 finit:
819 949 1030 1012 nuadomine
1044 949 1124 1010 deus
1142 960 1260 1011 noster.
1286 948 1355 1010 Deo
1368 947 1518 1028 gracias«

367 1057 446 1120 Item
470 1077 571 1120 unum
590 1057 781 1119 briviarium
803 1075 875 1118 curn
894 1055 1081 1118 kalendario
1099 1069 1182 1132 ante,
1207 1054 1295 1136 quod
1321 1055 1434 1136 incipit
1450 1073 1523 1116 cum

263 1163 373 1245 nigro:
403 1164 544 1246 »Regem
578 1183 732 1245 magnum
765 1161 971 1240 adoremus«,
1004 1162 1091 1224 etin
1123 1160 1185 1223 fine
1209 1161 1312 1243 prime
1336 1161 1453 1243 pagine
1476 1180 1523 1221 se-

262 1270 357 1332 cundi
382 1269 453 1332 lolii
471 1269 557 1332 finit:
586 1271 637 1331 »in
662 1283 692 1332 te
709 1269 878 1352 psallam«,
895 1281 927 1331 et
951 1270 984 1330 in
1008 1267 1070 1330 fine
1088 1269 1161 1331 libri
1177 1267 1263 1330 finit:
1290 1281 1381 1350 »post
1398 1281 1522 1349 partum

261 1375 391 1458 virgum
417 1376 505 1458 quod
524 1376 613 1438 dedit
629 1375 782 1437 dominus
799 1373 1004 1436 Eberhardus
1021 1375 1100 1436 olim
1114 1374 1283 1457 episcopus
1299 1375 1525 1456 zagrabiensis,

262 1497 390 1565 recepto
414 1483 559 1564 quodam
583 1482 749 1544 breviario
774 1481 886 1564 pulcro
911 1494 942 1542 et
958 1481 1066 1564 magni
1088 1481 1218 1560 valoris,
1242 1481 1329 1562 quod
1355 1483 1441 1542 bone
1458 1500 1522 1542 me-

263 1588 365 1650 morie
400 1588 552 1650 dominus
595 1587 788 1649 Lancelotus
823 1586 986 1668 legaverat
1028 1587 1191 1669 prebende
1234 1587 1333 1648 sancti
1370 1585 1523 1668 Stephani

262 1693 528 1776 prothomartiris.

351 1799 428 1862 Item
455 1821 556 1862 unum
582 1799 774 1861 Briviarium
799 1801 982 1882 antiquum,
998 1799 1118 1861 modici
1144 1799 1271 1878 valoris,
1300 1800 1395 1860 breve
1420 1811 1451 1860 et
1474 1817 1523 1859 ro·

263 1907 412 1985 tundam,
436 1908 579 1988 legatum
603 1906 766 1989 prebende
791 1927 848 1988 per
865 1907 1037 1969 dominum
1055 1906 1266 1968 Benedictum
1292 1903 1437 1967 lwanche
1454 1923 1524 1986 pre·

263 2014 367 2076 bende
392 2034 448 2097 per
472 2033 547 2076 eum
572 2014 690 2094 dotate,
722 2013 810 2095 quod
835 2013 931 2076 habet
956 2013 1081 2075 Blaaius
1106 2013 1192 2075 Baan
1218 2011 1457 2095 prebendarius.

761 2225 1026 2288 Racionalia.

353 2367 430 2429 ltem
454 2367 535 2429 liber
553 2367 748 2446 Racionalis‚
766 2368 874 2450 magni
892 2367 1078 2446 voluminis,
1099 2381 1130 2430 et
1147 2367 1259 2451 incipit
1283 2387 1355 2430 cum
1380 2368 1524 2430 rubrica:

268 2473 400 2556 ›lucipit
424 2473 505 2535 liber
522 2474 740 2554 Rationalis«,
765 2475 844 2536 etin
863 2473 925 2536 fine
942 2473 1045 2556 prime
1062 2475 1178 2557 pagine
1202 2474 1333 2536 secundi
1351 2472 1420 2536 folii
1437 2471 1523 2536 finit:

266 2580 410 2640 »emulor
434 2579 519 2641 enim
546 2600 635 2654 vos‹‚
660 2595 691 2642 et
716 2581 747 2642 in
776 2578 839 2642 fine
871 2581 944 2642 libri
976 2577 1046 2642 finit
1070 2599 1142 2642 cum
1175 2582 1285 2662 nigro:
1315 2580 1367 2642 »ln
1392 2579 1524 2641 nomine

262 2685 396 2746 domini.
423 2691 537 2748 Amen.
556 2685 695 2768 Explicit
712 2687 888 2749 Racionale
905 2687 1090 2748 divinorum
1108 2686 1323 2766 officiorum«,
1348 2686 1387 2748 de
1410 2685 1524 2748 eadem

262 2791 363 2856 litera.

350 2898 426 2960 Item
452 2917 552 2960 unum
589 2899 678 2960 aliud
703 2899 878 2961 Rationale
911 2900 1044 2962 minoris
1076 2901 1269 2980 voluminis,
1301 2901 1389 2984 quod
1414 2901 1526 2983 incipit

264 3023 335 3065 curn
361 3004 502 3066 rubrica·
533 3005 726 3067 »Racionale
755 3005 940 3069 divinorum
976 3005 1191 3086 officiorum«,
1223 3021 1254 3068 et
1277 3007 1310 3069 in
1335 3006 1396 3068 fine
1422 3008 1524 3090 prime

262 3112 378 3193 pagine
403 3111 535 3172 secundi
562 3109 631 3173 lolii
655 3111 742 3174 finit:
772 3113 904 3174 »utiam
929 3113 1085 3192 dicetur«,
1110 3128 1141 3176 et
1164 3115 1196 3176 in
1213 3112 1276 3176 fine
1301 3114 1373 3176 libri
1398 3112 1468 3176 finit
1485 3113 1524 3175 de

264 3217 376 3280 eadem
401 3217 509 3280 litera:
540 3217 697 3300 »Explicit
721 3218 897 3281 Racionale
921 3219 1107 3282 divinorum
1131 3219 1340 3288 officiorum«
1404 3269 1407 3276 .

723 3431 917 3512 Legenda
950 3451 1064 3496 nove

368 3589 446 3651 ltem
471 3610 553 3652 unus
577 3591 659 3653 liber
684 3591 835 3674 Legende
860 3611 954 3672 nove,
978 3595 1053 3655 satis
1081 3595 1211 3676 spissus,
1236 3594 1357 3657 habens
1382 3596 1413 3657 in
1438 3595 1524 3678 prin·

264 3695 348 3777 cipio
381 3696 520 3778 capitula
551 3696 591 3758 de
625 3697 796 3779 legendis,
828 3699 883 3780 qui
915 3699 1028 3784 incipit
1059 3721 1131 3764 cum
1164 3702 1273 3784 nigro:
1311 3703 1523 3766 »Universum

261 3815 388 3883 tempus
413 3803 568 3884 presentis
592 3803 687 3876 vitec,
713 3805 800 3866 etin
825 3803 887 3866 fine
912 3807 1016 3887 prime
1039 3809 1157 3890 pagine
1181 3809 1312 3870 secundi
1339 3807 1408 3870 folii
1433 3807 1524 3872 finit:

265 3905 387 3969 »lacere
412 3909 497 3970 bona
521 3907 729 3987 defecimus«,
756 3925 786 3972 et
811 3911 842 3972 in
868 3909 930 3974 fine
954 3913 1026 3975 libri
1062 3913 1147 3976 finit:
1177 3935 1255 3976 »nos
1279 3915 1409 3993 scimus,
1434 3915 1523 3996 quod

263 4013 413 4097 mulltilr,
439 4029 469 4076 et
493 4030 577 4076 caret
601 4014 673 4079 fine.

349 4119 427 4182 ltem
452 4121 534 4182 alius
558 4121 640 4183 liber
666 4122 801 4204 legende
827 4143 910 4186 nove
935 4124 973 4185 de
1007 4127 1120 4209 pulcra
1145 4127 1248 4206 litera,
1272 4128 1407 4189 minoris
1432 4128 1524 4189 volu-

262 4226 367 4304 minis,
393 4226 449 4307 qui
475 4225 586 4310 incipit
610 4247 683 4289 cum
706 4230 849 4292 rubrica:
879 4231 1055 4314 »Prologus
1084 4234 1115 4295 in
1141 4234 1221 4295 vitas
1247 4234 1470 4312 Sanctorum«,
1495 4247 1526 4295 et

261 4346 332 4413 post
355 4333 527 4414 prologum
552 4332 673 4395 habens
696 4335 837 4417 capitula
863 4338 902 4400 de
920 4338 1075 4420 legendis,
1100 4353 1131 4403 et
1156 4341 1187 4402 in
1206 4339 1268 4402 fine
1293 4341 1366 4402 libri
1391 4339 1461 4404 finit
1485 4340 1523 4401 de

262 4438 374 4500 eadem
398 4439 506 4502 litera:
545 4460 619 4522 »per
643 4442 752 4503 omnia
776 4444 883 4505 secula
908 4445 1101 4510 seculorum.
1126 4451 1260 4512 Amen«

747 4655 1044 4720 Pontificalia.

368 4792 445 4854 ltem
466 4813 567 4856 unum
585 4795 772 4860 Pontificale
790 4799 878 4880 quod
901 4799 1012 4882 incipit
1037 4820 1110 4862 cum
1137 4801 1278 4862 rubrica:
1308 4799 1525 4864 »Pontificalis

264 4897 386 4960 ordinis
414 4899 513 4962 liber«
545 4902 658 4984 incipit
681 4923 753 4964 cum
780 4905 934 4985 epistolis,
968 4921 999 4967 et
1030 4907 1062 4967 in
1087 4905 1150 4968 fine
1181 4906 1254 4970 libri
1289 4927 1360 4969 cum
1395 4909 1520 4972 rubrica

261 5002 345 5068 finit:
375 5007 532 5090 »Explicit
557 5010 752 5071 ammonicio
778 5012 809 5070 in
835 5012 1023 5074 ordinandis
1049 5011 1181 5073 fienda«
