3804 5798
966 531 1148 591 Inventam.

510 745 600 825 Item,
625 765 687 806 una
712 744 798 827 palla
823 745 966 825 antiqua,
992 742 1110 825 figuras
1127 745 1219 804 beate
1243 741 1379 824 virginis
1402 755 1433 804 et
1455 740 1514 804 filii
1538 742 1608 805 eius
1633 761 1672 804 ac

334 911 337 920 .
405 851 524 936 Joseph
548 865 578 914 et
601 865 765 935 pastorum
791 862 887 932 atque
912 851 1086 912 bestiarum
1103 868 1177 910 eum
1201 847 1444 930 joculatoribus,
1469 848 1551 910 sicut
1577 846 1670 911 Cbri·

405 973 471 1022 stus
496 957 556 1021 fuit
580 973 682 1020 natus.

511 1065 600 1144 item,
625 1085 687 1127 una
712 1064 797 1146 palla
821 1063 861 1125 de
885 1082 965 1125 auro
990 1063 1021 1124 in
1047 1080 1162 1145 campo
1187 1064 1262 1125 albo
1287 1065 1355 1124 sine
1380 1062 1523 1124 fontaliis
1548 1076 1578 1123 et
1602 1063 1671 1124 sine

405 1172 541 1252 angulis,
566 1191 638 1233 cum
663 1185 737 1232 octo
762 1169 864 1252 plicis.

511 1277 600 1358 Item,
625 1279 773 1340 inventus
798 1293 843 1338 est
863 1297 946 1339 unus
968 1297 1095 1359 pannus
1112 1276 1234 1338 habens
1252 1295 1401 1358 campum
1427 1276 1523 1337 blavii
1541 1275 1671 1354 coloris,

406 1401 436 1448 et
461 1406 534 1448 cum
558 1385 652 1448 certis
676 1385 810 1446 floribus
835 1400 865 1446 et
882 1385 979 1446 ramis
1003 1384 1043 1446 de
1061 1399 1205 1466 argento,
1230 1385 1287 1465 qui
1310 1383 1377 1444 sedi
1403 1383 1578 1465 episcopali
1596 1402 1671 1464 sup·

407 1493 486 1576 poni
510 1493 602 1555 solet.

475 1721 765 1782 inventarium
798 1721 1040 1782 casularum
1074 1740 1272 1782 novarum
1306 1735 1343 1782 et
1368 1739 1604 1803 capparum.

515 1863 605 1942 Item,
630 1883 692 1924 una
718 1863 824 1925 casula
849 1863 889 1925 de
913 1864 1022 1925 veluto
1051 1865 1150 1924 rubeo
1176 1863 1331 1924 carmesin
1356 1877 1386 1924 et
1410 1862 1587 1942 aurifrisiis,
1613 1863 1666 1924 ha-

408 1971 527 2032 beosa
551 1984 635 2032 retro
660 1970 843 2052 ymaginem
870 1968 1022 2032 Crucifixi
1047 1984 1078 2031 et
1105 1972 1145 2030 ab
1177 1984 1250 2030 ante
1282 1970 1466 2052 ymaginem
1492 1973 1584 2031 beate
1609 1970 1672 2030 vir-

406 2077 490 2157 ginis
514 2096 586 2138 cum
611 2077 703 2138 certis
728 2076 798 2137 aliis
822 2077 1027 2158 ymaginibus
1058 2076 1098 2138 de
1116 2075 1333 2158 pulcherrimo
1366 2096 1474 2158 opere,
1499 2091 1610 2137 ornata
1637 2077 1670 2136 in

408 2199 496 2266 parte
519 2203 590 2244 cum
615 2183 723 2266 perlis,
757 2183 829 2243 data
854 2201 910 2264 per
946 2183 1116 2243 dominum
1153 2182 1345 2260 iohannem,
1377 2182 1566 2265 episcopum
1604 2201 1671 2242 mo·

408 2290 557 2368 demum,
581 2289 810 2372 supradictum.
1521 2297 1526 2310 '

515 2395 604 2475 ltem,
628 2415 692 2456 una
715 2395 778 2456 alia
803 2395 909 2456 casula
934 2395 1083 2457 similiter
1106 2395 1145 2458 de
1163 2397 1272 2457 veluto
1297 2397 1329 2458 in
1354 2415 1420 2478 quo
1445 2396 1566 2457 habens
1590 2397 1673 2457 auri-

408 2502 531 2563 l'risium
557 2503 597 2563 ab
621 2516 695 2563 ante
720 2515 750 2562 et
774 2517 870 2579 rerr0,
895 2521 968 2562 curn
997 2501 1204 2584 ymaginibus
1236 2504 1328 2564 beate
1354 2502 1487 2584 virginis
1511 2516 1542 2564 et
1565 2515 1672 2563 sancte

410 2607 595 2686 Katherine,
619 2608 692 2668 data
717 2626 773 2689 per
796 2607 935 2669 eundem
961 2607 1131 2669 dominum
1156 2608 1355 2690 episcopum.

515 2731 604 2810 ltem,
628 2752 691 2794 una
715 2752 815 2815 cappa
840 2734 879 2794 de
904 2735 1012 2794 veluto
1038 2735 1138 2794 rubeo
1159 2753 1232 2794 cum
1264 2732 1424 2795 aurifrisio
1449 2733 1615 2815 duplicato
1641 2747 1672 2794 et

409 2841 564 2902 clausuris
588 2859 644 2902 seu
669 2839 796 2901 duobus
820 2840 1006 2918 monilibus,
1032 2839 1071 2901 de
1095 2839 1213 2921 quibus
1237 2842 1382 2922 superius
1406 2838 1440 2902 fit
1466 2840 1599 2918 mentio,
1624 2859 1670 2900 re·

409 2948 508 3029 ceptis
532 2947 571 3008 de
589 2947 651 3008 alia
676 2965 787 3028 cappa,
805 2947 952 3008 similiter
969 2947 1041 3007 data
1056 2967 1111 3028 per
1127 2946 1267 3009 eundem
1286 2946 1456 3008 dominum
1474 2947 1673 3028 episcopum.

515 3069 604 3148 item,
629 3090 691 3131 una
724 3071 841 3148 casula,
874 3089 971 3152 quarn
1004 3070 1093 3132 dedit
1117 3071 1267 3131 condam·
1288 3071 1440 3133 dominus
1464 3071 1670 3132 Eberhardus

409 3177 590 3258 episcopus,
614 3177 679 3238 albi
704 3177 821 3238 coloris
846 3177 884 3238 de
910 3177 1060 3238 damasco
1089 3197 1160 3238 cum
1183 3177 1344 3238 aurifrisio
1369 3178 1446 3255 lato,
1471 3177 1607 3240 habente
1642 3179 1671 3238 in

409 3283 563 3366 superiori
590 3299 678 3365 parte
709 3271 893 3366 ymaginem
919 3285 1106 3361 maiestatis,
1137 3299 1169 3344 et
1200 3284 1231 3344 in
1258 3285 1366 3346 medio
1391 3285 1493 3345 crucis
1516 3283 1669 3346 aurifrisii

410 3391 594 3473 ymaginem
614 3391 787 3452 Salvatoris
815 3390 934 3451 orantis
951 3391 983 3450 in
1000 3391 1158 3472 passione,
1178 3409 1249 3451 cum
1264 3391 1356 3452 certis
1372 3391 1443 3451 aliis
1467 3391 1673 3473 ymaginibus

410 3498 602 3558 habentibus
633 3497 836 3579 dyademata,
868 3497 966 3579 perlis
995 3511 1026 3558 et
1056 3497 1149 3559 certis
1181 3497 1343 3578 lapidibus
1376 3512 1506 3574 ornata;
1542 3518 1579 3559 ex
1612 3499 1672 3559 alia

411 3623 487 3665 vero
512 3619 599 3685 parte
625 3603 794 3664 habentem
820 3604 1005 3686 ymaginem
1032 3605 1122 3664 beate
1147 3604 1280 3684 virginis
1304 3619 1335 3666 et
1358 3605 1436 3666 alias
1460 3619 1560 3666 certas
1584 3625 1671 3688 yma·

411 3712 513 3791 gines,
538 3730 609 3771 cum
636 3709 808 3770 dalmatica
833 3725 863 3770 et
887 3710 994 3770 stricta
1011 3710 1155 3771 eiusdem
1189 3711 1285 3790 panni
1311 3726 1342 3774 et
1366 3711 1493 3790 coloris,
1518 3713 1672 3774 subducte

411 3837 482 3878 cum
509 3819 609 3877 rubeo
634 3815 769 3877 cendato
794 3831 825 3878 et
847 3831 958 3877 ornate
983 3815 1129 3877 similiter
1153 3815 1329 3880 aurifrisiis.

517 3941 605 4019 ltem,
631 3961 693 4002 una
717 3941 824 4003 casula
842 3941 880 4002 de
899 3941 1073 4002 cimbaloto
1090 3941 1234 4003 celestini
1253 3942 1380 4022 coloris,
1406 3941 1526 4004 habens
1544 3962 1669 4004 crucem

411 4047 554 4108 eiusdem
580 4046 708 4125 coloris,
733 4047 837 4107 aureis
860 4048 973 4107 avibus
998 4047 1161 4108 intextam.

518 4153 606 4231 ltem,
632 4173 693 4214 una
719 4154 824 4214 casula
850 4154 890 4215 de
915 4155 1024 4215 veluto
1053 4157 1153 4216 rubeo
1187 4156 1307 4216 habens
1338 4175 1465 4218 crucem
1492 4175 1564 4217 cum
1590 4157 1673 4218 auri·

413 4258 500 4318 frisio
526 4279 598 4319 cum
618 4306 624 4320 .
645 4312 649 4322 .
670 4309 702 4322 ..
729 4260 871 4321 eiusdem
898 4262 1030 4322 materie
1056 4276 1086 4322 et
1102 4263 1229 4340 coloris,
1254 4262 1410 4325 subducta
1428 4283 1500 4324 cum
1526 4264 1672 4326 cendato.

413 4365 492 4426 Data
518 4385 573 4446 per
597 4365 765 4426 dominum
800 4366 1010 4447 Stephanum,
1043 4367 1305 4429 archidiaconum
1341 4369 1380 4430 de
1410 4370 1557 4448 Kemlelr,
1590 4371 1671 4432 vica·

412 4472 493 4532 rium
519 4471 663 4532 eiusdem
689 4472 813 4533 domini
843 4475 995 4555 episcopi.

518 4577 608 4656 ltem,
634 4593 772 4660 quatuor
800 4599 899 4661 cappe
931 4599 990 4661 pro
1022 4580 1254 4658 choratoribus,
1286 4581 1349 4642 due
1373 4582 1413 4642 de
1445 4583 1555 4644 veluto
1580 4581 1670 4644 flavei

412 4703 467 4743 seu
493 4684 635 4745 celestini
661 4685 779 4745 coloris
804 4701 834 4746 et
859 4685 920 4745 due
940 4687 978 4746 de
1004 4686 1144 4747 athlazio
1162 4687 1305 4748 eiusdem
1323 4687 1450 4766 coloris,
1475 4703 1506 4749 et
1531 4709 1593 4750 una
1610 4690 1670 4750 alia

412 4809 511 4870 cappa
537 4790 576 4851 de
601 4790 710 4851 veluto
735 4792 827 4871 nigro
852 4812 923 4852 cum
948 4791 1107 4855 aurifriso.
1143 4795 1223 4856 Date
1248 4814 1304 4875 per
1336 4795 1475 4856 eundem
1501 4797 1669 4858 dominum

412 4915 577 4960 vicarium.

522 5003 609 5080 ltem,
635 5023 733 5063 unum
761 5003 879 5083 velum,
913 5007 999 5086 quod
1038 5009 1218 5069 extenditur
1245 5011 1274 5070 in
1310 5011 1409 5072 choro
1435 5011 1568 5073 ecclesie
1594 5025 1657 5071 tem
