3804 5798
787 525 971 586 Inventarr'a.

354 739 432 801 Item
457 757 540 799 unus
564 735 702 798 circulus
725 755 872 819 cupreus,
897 735 953 816 qui
977 735 1037 796 sub
1062 733 1205 796 scutellis
1228 732 1369 814 ponitur.

354 845 433 908 Item
458 863 559 906 uuum
583 842 692 904 caldar
716 861 870 924 magnum
894 859 1061 924 cupreum,
1086 842 1220 902 honum.

353 952 431 1014 Item
458 968 559 1012 unum
583 948 773 1011 mortarium
798 948 839 1010 de
863 967 963 1030 cupro
993 965 1114 1008 novum
1139 946 1215 1007 satis
1239 964 1392 1028 magnum
1416 945 1513 1007 simul

245 1078 320 1122 cum
345 1056 486 1141 postillo.

351 1164 429 1226 Item
452 1182 517 1225 una
540 1159 665 1243 sponda
689 1179 746 1222 seu
776 1159 888 1223 lectica
912 1179 996 1222 nova
1028 1171 1059 1220 et
1083 1161 1167 1220 bona
1202 1177 1275 1220 cum
1299 1157 1374 1220 albo
1398 1177 1506 1220 coreo,

350 1270 428 1332 Item
452 1287 553 1330 unum
578 1265 728 1349 pulvinar
751 1265 791 1328 de
808 1269 909 1329 rubeo
934 1285 1040 1344 coreo,
1065 1264 1103 1324 de
1133 1264 1225 1326 novis
1247 1264 1373 1346 pennis,
1392 1265 1511 1327 bonus.

352 1374 431 1437 Item
456 1393 519 1436 una
544 1372 653 1434 duhna
678 1374 764 1435 bona
788 1391 862 1435 curn
888 1391 974 1434 novo
999 1370 1191 1452 copertorio.

353 1480 431 1542 Item
455 1498 540 1542 unus
564 1479 710 1541 cassinus
734 1497 807 1541 cum
832 1477 1023 1561 copertorio.

353 1586 431 1649 Item
455 1604 518 1647 una
543 1585 675 1647 culcitra
693 1587 850 1663 kastrana,
873 1603 968 1664 nova,
993 1584 1089 1645 bona.

351 1692 427 1754 Item
454 1689 520 1753 duo
544 1691 653 1772 iugera
677 1703 761 1754 terre
784 1691 932 1754 arabilis:
964 1689 1056 1770 Doge
1081 1687 1153 1750 nive
1185 1700 1308 1767 vocata,
1333 1706 1434 1770 prope
1460 1707 1509 1751 ec·

247 1799 376 1860 clesiam
402 1799 494 1860 beate
517 1797 651 1878 virgInis
675 1796 715 1858 de
740 1797 925 1859 Kranosino
949 1795 1058 1878 polye.

353 1903 432 1966 Item
456 1923 520 1965 una
544 1903 637 1965 vlnea
655 1903 868 1985 Kozowuyak
884 1915 996 1964 vocata
1014 1921 1113 1984 penes
1129 1881 1257 1964 slusam
1282 1899 1511 1982 prebendalem

249 2009 393 2072 eiusdem
419 2010 560 2094 Tolway
583 2010 714 2088 dictam,
739 2011 820 2071 hene
845 2009 939 2073 culta.

354 2116 432 2179 Item
457 2116 573 2178 domus
596 2117 628 2177 in
653 2117 726 2178 Ioco
751 2115 952 2198 prebendali,
985 2115 1025 2200 de
1058 2114 1221 2196 lapidibus
1252 2112 1512 2176 alundamentis

248 2238 383 2303 murata,
407 2243 480 2286 cum
505 2223 623 2286 celario
660 2223 882 2303 subterraneo,
915 2221 1079 2304 prartito‚
1103 2234 1135 2284 et
1164 2221 1266 2282 tribus
1289 2221 1440 2283 domibus
1463 2220 1510 2281 iu·

249 2329 431 2410 ferioribus,
454 2330 624 2394 videlicet:
648 2333 753 2410 stuba,
785 2331 926 2412 coquina
961 2342 992 2390 et
1026 2348 1151 2392 camera
1182 2347 1218 2390 ac
1241 2328 1388 2390 similiter
1410 2329 1511 2390 tribus

249 2437 400 2499 domibus
424 2438 655 2520 superioribus,
680 2437 782 2500 eciam
807 2437 911 2513 stuba,
943 2435 1086 2518 pretorio
1111 2449 1141 2497 et
1172 2453 1394 2497 cameracum
1418 2434 1511 2496 bonis

248 2543 354 2626 januis
378 2556 409 2605 et
432 2544 510 2606 seris
535 2543 727 2624 fortissimis,
745 2563 871 2606 necnon
894 2541 1040 2604 fenestris
1056 2542 1166 2604 vitreis
1182 2561 1218 2603 ac
1235 2541 1385 2604 cancellis
1402 2539 1512 2604 ferreis

250 2669 287 2712 ex
314 2649 440 2733 integro
465 2649 588 2713 fortiter
612 2663 643 2714 et
666 2649 881 2733 pulcherrime
904 2649 1021 2712 clausa.

250 2843 457 2926 Sequitur
480 2844 771 2908 inventarium
795 2863 862 2906 are
884 2856 1030 2906 sancte
1051 2843 1287 2904 Trinitatis
1310 2855 1509 2924 quantum

337 2951 377 3012 iu
401 2951 587 3012 ecclesia
619 2949 863 3012 kathedrali
897 2949 1033 3012 sancti
1067 2949 1179 3030 regis
1204 2949 1421 3032 Stephani.

352 3090 431 3153 Item
456 3091 614 3175 imprimis
649 3091 730 3176 (ara)
762 3093 843 3155 bene
880 3091 962 3156 lacta
986 3107 1017 3155 et
1049 3093 1172 3175 integra
1204 3111 1277 3154 cum
1310 3090 1438 3154 duobus
1461 3111 1509 3154 ar-

251 3197 360 3259 mariis
384 3218 421 3260 ex
444 3183 599 3281 partibus.

353 3304 432 3368 Item
455 3305 565 3368 tabula
589 3307 675 3368 bona
699 3305 822 3368 habens
838 3306 985 3389 superius
1009 3306 1092 3368 inter
1108 3305 1229 3367 ciboria
1245 3318 1309 3368 tres
1332 3305 1509 3388 ymagines,

247 3411 418 3476 videlicet:
441 3411 543 3474 Patris
568 3425 599 3474 et
622 3410 680 3474 filii
704 3411 845 3475 crucifixi
870 3425 901 3474 et
924 3413 1084 3477 columbe.

354 3517 432 3580 Item
458 3518 592 3580 interius
617 3519 649 3580 iu
673 3519 783 3581 tabula
808 3533 854 3581 est
878 3538 1015 3602 ymago:
1051 3519 1193 3599 Pietatis,
1217 3517 1338 3580 habens
1362 3539 1400 3580 ex
1431 3539 1508 3602 qua·

227 3623 325 3686 'libet
347 3623 396 3685 sui
420 3637 509 3706 parte
533 3625 718 3709 ymaginem
743 3625 850 3706 angeli
875 3625 961 3686 circa
986 3622 1124 3688 brachia.

352 3729 430 3793 Item
455 3752 472 3792 a
497 3731 617 3794 dextris
639 3732 818 3816 ymaginis:
844 3732 975 3794 Pietatis
996 3745 1042 3794 est
1067 3751 1185 3814 ymago
1210 3732 1301 3794 beate
1324 3737 1418 3796 Anne
1442 3753 1508 3797 ma·

245 3837 302 3900 tris
325 3838 437 3917 Marie,
462 3837 584 3901 habens
608 3839 640 3900 in
665 3858 731 3901 uno
756 3838 888 3900 brachio
905 3838 1089 3921 ymaginem
1114 3838 1205 3900 beate
1229 3839 1363 3921 virginis
1386 3841 1419 3902 in
1444 3841 1508 3903 alio

246 3943 377 4006 brachio
401 3945 587 4028 ymaginem
611 3945 702 4028 pueri
727 3945 913 4009 Salvatoris.

353 4050 430 4114 Item
456 4072 473 4112 a
497 4051 633 4113 sinistris
656 4051 832 4136 ymaginis:
865 4051 1005 4129 Pietatis,
1029 4064 1076 4113 est
1092 4069 1210 4134 ymago
1234 4053 1334 4114 sancti
1360 4051 1507 4133 Gregorii

246 4179 328 4241 pape
353 4173 426 4221 ante
451 4177 548 4240 quam
573 4172 619 4220 est
643 4178 707 4220 una
732 4177 829 4240 parva
854 4177 972 4242 ymago
997 4157 1113 4220 devote
1136 4171 1294 4220 matrone.

352 4265 431 4327 Item
455 4265 487 4325 iu
512 4264 593 4346 pede
618 4265 727 4327 tabule
750 4277 825 4327 sunt
847 4277 911 4326 tres
935 4263 1101 4349 ymagines
1125 4264 1366 4346 prophetarum.

353 4372 430 4435 Item
455 4393 518 4435 una
536 4392 653 4455 mappa
669 4373 777 4435 altaris
801 4391 884 4433 nova
901 4371 941 4432 de
962 4371 1098 4432 kamolra
1116 4371 1295 4456 Iraschyana
1319 4373 1415 4434 rubea
1434 4391 1507 4434 cum

246 4499 310 4542 una
335 4479 491 4562 particula
524 4479 564 4542 de
596 4477 765 4558 semlothe‚
796 4478 828 4540 iu
861 4477 970 4540 medio
1002 4497 1119 4561 mappe
1150 4477 1272 4540 habens
1302 4477 1444 4540 mensale
1467 4478 1508 4540 de

246 4585 384 4648 sindone
409 4605 507 4648 novo.

352 4691 432 4754 Item
456 4692 597 4754 secunda
622 4711 738 4773 mappa
764 4691 803 4754 de
828 4689 942 4753 eadem
960 4691 1097 4752 kamoka
1120 4689 1273 4770 totaliter,
1296 4688 1443 4751 slmiliter
1468 4688 1506 4750 de

245 4798 381 4861 sindone
406 4798 528 4861 habens
552 4797 706 4860 mensale.

352 4905 430 4967 Item
454 4905 551 4967 tercia
569 4925 686 4987 mappa
711 4903 819 4965 altaris
836 4917 883 4964 est
900 4902 939 4965 de
958 4903 1101 4986 parhano
1119 4903 1193 4970 albo
1217 4903 1390 4992 vulgariter
1406 4904 1507 4988 velez‚

245 5011 395 5080 slmiliter
419 5031 493 5080 cum
517 5011 651 5080 mensali
676 5010 715 5076 de
740 5009 887 5078 sindone.
