3810 5806
402 589 467 651 116
946 590 1033 648 Anno
1055 598 1144 664 1521.

399 803 499 886 ipsius
530 801 637 885 (h)orti
671 815 701 862 et
725 800 803 862 silve
835 801 1049 862 testamentali
1081 800 1248 882 legacione
1281 811 1515 876 concernente,
1546 796 1586 858 ad
1618 816 1666 859 re·

399 911 505 993 liquas
528 929 605 972 vero
629 908 709 970 duas
732 907 903 990 porciones
935 907 1079 970 eiusdem
1110 906 1221 991 (h)orti
1254 921 1285 968 et
1317 905 1397 968 silve
1421 923 1479 988 per
1501 901 1660 986 prefatum

399 1017 581 1079 Johannem
606 1035 665 1100 pro
689 1014 841 1098 predictis
868 1015 982 1094 viginti
1014 1013 1084 1078 flor.
1109 1015 1178 1097 jure
1209 1014 1400 1097 adoptionis
1424 1025 1665 1075 concernentes.

399 1125 466 1186 Nos
489 1124 597 1206 itaque
622 1124 723 1202 iustis,
746 1122 840 1200 veris,
865 1122 1016 1203 congruis
1040 1121 1256 1204 peticionibus
1280 1117 1479 1204 prefatorum
1504 1117 1662 1182 lobannis

399 1245 430 1293 et
453 1231 568 1292 Vrsule
593 1243 780 1308 annuentes,
805 1228 902 1310 digne
919 1229 1077 1290 exauditis
1101 1242 1133 1290 et
1148 1228 1306 1307 admissis,
1331 1226 1492 1310 predictos
1509 1225 1665 1308 (b)ortum

400 1351 431 1400 et
455 1338 568 1399 silvam
594 1336 725 1420 prefatis
749 1335 905 1397 Johannis
929 1350 960 1398 et
983 1335 1097 1396 Vrsule
1132 1335 1273 1396 consorti
1297 1333 1443 1396 eiusdem
1468 1353 1504 1396 at
1528 1351 1586 1416 per
1610 1351 1666 1395 eos

400 1445 543 1526 ipsorum
567 1444 741 1506 heredibus
765 1442 858 1505 novis
881 1441 983 1503 literis
1007 1441 1265 1524 privilegialibus
1282 1441 1547 1524 approbavimus,
1571 1437 1667 1501 ratih-

400 1551 542 1612 cavimus
566 1564 597 1611 et
621 1549 884 1612 confirmavimus
907 1547 975 1630 jure
1007 1561 1164 1631 perpetuo
1196 1563 1227 1610 et
1258 1547 1524 1610 irrevocabiliter.
1550 1545 1667 1608 Datum

402 1656 480 1718 feria
504 1658 603 1719 tercia
635 1657 782 1739 proxima
813 1668 887 1716 ante
919 1653 1035 1716 festum
1069 1654 1153 1716 beati
1185 1655 1312 1716 Nicolai
1344 1651 1546 1717 confessoris.
1571 1657 1667 1714 Anno

401 1763 534 1824 Domini
560 1763 735 1824 millesimo
759 1761 1023 1844 quingentesimo
1046 1761 1215 1843 vigesimo.
1500 1757 1504 1764 ’

506 1869 654 1944 Qualiter
679 1869 710 1930 in
735 1868 956 1950 superioribus
980 1868 1082 1946 annis,
1107 1868 1198 1929 cuius
1223 1867 1286 1928 iam
1312 1885 1397 1929 nunt
1420 1879 1507 1928 sexta
1533 1867 1665 1927 instaret

401 1976 549 2038 annualis
572 1976 750 2054 revolutio,
785 1973 912 2057 providi
946 1974 1003 2035 viri
1037 1973 1175 2035 Michael
1209 1973 1336 2055 Repecz
1368 1987 1400 2034 et
1422 1973 1502 2034 alter
1527 1971 1664 2034 Michael

402 2083 546 2166 Somogy
570 2084 683 2162 dictus,
708 2082 857 2144 concives
881 2081 992 2160 nostri,
1024 2099 1133 2143 coram
1157 2080 1320 2162 judicibus
1343 2094 1375 2142 et
1398 2079 1510 2162 juratis
1534 2079 1567 2140 in
1592 2097 1663 2161 pre·

402 2191 492 2251 tactis
515 2190 607 2251 annis
631 2189 850 2266 existentibus,
874 2187 1116 2249 nonnullisdem
1147 2186 1272 2248 vitibus
1296 2187 1465 2268 conquesti
1489 2185 1666 2247 extitissent

405 2297 535 2358 racione
560 2309 590 2358 et
614 2295 784 2357 occasione
816 2293 982 2356 cuiusdam
1015 2294 1144 2356 ruinose
1176 2293 1304 2371 domus,
1335 2293 1503 2374 civilisque
1527 2291 1664 2354 honora·

403 2403 476 2464 bilis
500 2415 531 2463 et
554 2402 682 2464 discreti
707 2401 831 2462 domini
857 2401 968 2461 Jacobi
992 2400 1197 2483 prebendarii
1222 2399 1332 2479 nostri,
1357 2398 1397 2461 de
1421 2417 1485 2480 qua
1508 2397 1568 2480 ipsi
1586 2411 1664 2459 tem·

403 2528 481 2590 pore
505 2507 731 2569 inundationis
748 2526 832 2588 aque
857 2506 1007 2587 pluvialis
1024 2521 1055 2569 et
1073 2505 1311 2568 stillicidiorum
1329 2505 1559 2568 cavationibus
1575 2503 1665 2565 dam·

403 2635 502 2698 pnum
528 2635 592 2676 non
618 2615 791 2692 mediocre,
824 2613 1072 2695 evidentemque
1090 2613 1180 2674 ruine
1206 2613 1422 2675 minationem
1447 2612 1607 2673 domuum
1633 2626 1664 2672 et

403 2722 606 2782 cellariorum
632 2740 775 2798 suorum,
807 2723 849 2781 ob
883 2738 948 2780 non
979 2718 1247 2780 reformationem
1278 2733 1399 2781 tecture
1423 2737 1480 2780 seu
1505 2711 1665 2780 canalium

404 2829 486 2888 dicte
512 2829 628 2889 domus
645 2828 774 2888 ruinose
792 2824 904 2908 prefati
923 2825 1046 2887 domini
1072 2825 1183 2887 Jatobi
1201 2837 1384 2907 paterentur
1401 2838 1431 2887 et
1447 2836 1666 2905 gravarentur,
1707 2819 1711 2830 '

404 2946 599 3015 quapropter
622 2952 679 3015 per
702 2931 843 3013 prelatos
861 2930 983 3012 judices
999 2945 1029 2991 et
1046 2931 1177 3013 juratos,
1194 2946 1338 3014 ternpore
1356 2931 1528 2993 cuiuslibet
1551 2929 1667 3010 judicis

404 3039 563 3100 iudicatus
586 3039 618 3099 in
652 3038 814 3120 premissis
845 3057 899 3099 sex
931 3037 1023 3098 annis
1057 3057 1124 3098 sese
1156 3039 1366 3119 sequentibus
1389 3037 1495 3099 eidem
1532 3036 1667 3098 domlno

405 3146 525 3207 Jacobo
549 3145 704 3206 terminus
729 3143 844 3205 exinde
875 3163 974 3226 penes
1005 3143 1272 3206 consvetudinem
1304 3143 1442 3206 civitatis
1466 3145 1505 3206 ab
1530 3142 1666 3222 antiquo

404 3254 604 3313 observatam
630 3267 660 3312 et
692 3270 728 3312 ex
760 3249 868 3312 offitio
901 3251 1055 3333 ipsorum,
1088 3265 1183 3333 prout
1214 3253 1417 3331 tenebantur,
1449 3250 1489 3312 ad
1514 3247 1666 3311 reforma·

405 3358 530 3448 cionem
557 3357 640 3419 dicte
665 3358 781 3418 domus
804 3376 861 3418 sue
885 3357 1014 3418 ruinose
1040 3371 1071 3419 et
1094 3359 1256 3419 canalium
1287 3357 1363 3420 dare
1387 3371 1418 3420 et
1441 3356 1603 3438 assignare
1621 3354 1669 3415 di-

405 3467 615 3540 noscebatur;
641 3464 680 3524 ad
705 3483 802 3544 quem
836 3463 967 3544 quidem
1001 3465 1142 3546 primurn
1166 3465 1360 3544 terminum,
1392 3463 1581 3542 secundum,
1606 3475 1667 3524 ter·

406 3572 502 3649 cium,
527 3585 688 3652 quartum,
714 3569 863 3650 quintum
889 3584 919 3630 et
941 3584 1065 3631 sextum
1082 3553 1239 3632 terminos
1263 3571 1295 3632 in
1313 3570 1475 3653 premissis
1499 3589 1553 3632 sex
1577 3567 1669 3630 annis

407 3678 512 3740 eidem
537 3677 704 3758 assignatis
729 3691 760 3738 et
784 3676 902 3737 deinde
929 3697 967 3737 ex
984 3677 1280 3758 superhabundanti
1298 3679 1379 3740 alios
1394 3677 1549 3740 terminos
1566 3693 1669 3738 novos

407 3784 446 3844 de
471 3803 557 3845 novo
581 3797 716 3844 statutos
740 3797 771 3844 et
795 3783 972 3864 assignatos
996 3784 1160 3865 negligere
1192 3799 1223 3846 et
1247 3785 1399 3868 preterire
1423 3785 1544 3867 absque
1569 3781 1668 3846 refor-

407 3892 554 3953 matione
578 3891 662 3952 dicte
687 3891 804 3952 domus
835 3891 963 3951 ruinose
996 3904 1028 3951 et
1058 3891 1218 3953 canalium
1252 3892 1455 3973 pertransivit
1478 3903 1509 3953 et
1532 3909 1591 3952 nec
1615 3908 1668 3952 tu·

406 3997 497 4075 ravit,
522 3997 691 4059 undenos
715 3994 835 4078 prelata
860 3997 1075 4058 communitas
1099 3997 1138 4057 ad
1163 3999 1389 4060 creberrimam
1414 4011 1445 4060 et
1468 3997 1668 4080 sepissimam

407 4104 654 4185 requisitionem
687 4101 884 4186 prelatorum
917 4103 1083 4165 Michaelis
1115 4105 1242 4186 Repecz
1274 4119 1306 4167 et
1336 4106 1467 4168 alterius
1503 4103 1669 4168 Michaelis

408 4211 551 4293 Somogy
577 4231 613 4271 ex
638 4211 705 4272 iure
731 4224 761 4271 et
778 4209 1008 4271 consvetudine
1029 4210 1166 4271 civitatis
1183 4225 1301 4291 nostre,
1325 4225 1421 4295 prout
1444 4226 1602 4290 tenemur,
1627 4211 1667 4274 de

407 4337 496 4379 more
521 4318 599 4378 alias
616 4317 712 4378 solito
737 4331 768 4378 et
796 4330 949 4378 consveto
966 4315 1142 4398 predictam
1167 4317 1300 4380 domum
1318 4319 1494 4399 ruinosam,
1518 4338 1581 4401 que
1598 4337 1668 4400 pre·

408 4423 461 4484 fati
487 4423 611 4485 domini
636 4423 747 4484 Jacobi
771 4439 906 4505 preerat,
927 4423 1092 4504 prelibatis
1110 4423 1259 4486 Michaeli
1285 4425 1412 4508 Repecz
1436 4439 1466 4487 et
1490 4425 1581 4486 alteri
1608 4425 1669 4486 Mi·

407 4529 507 4591 chaeli
535 4529 679 4612 Somogy
702 4549 737 4591 ac
762 4549 818 4610 per
843 4549 898 4590 eos
923 4531 1065 4611 ipsorum
1084 4529 1265 4608 heredibus,
1279 4545 1314 4593 ut
1330 4531 1498 4614 prefertur,
1522 4551 1580 4613 pro
1600 4549 1669 4613 pre·

407 4637 493 4698 dicto
526 4636 668 4718 dampno
701 4637 844 4718 ipsorum
877 4649 986 4698 secuto
1018 4649 1050 4697 et
1081 4636 1171 4698 illato
1204 4636 1438 4720 manifesteque
1466 4637 1616 4700 dedimus
1640 4651 1671 4698 et

407 4744 627 4826 inscripsimus
658 4743 726 4824 jure
758 4759 914 4825 perpetuo
949 4757 979 4805 et
1011 4743 1272 4808 irrevocabiliter.
1304 4745 1422 4807 Datum
1455 4743 1533 4807 feria
1558 4745 1670 4826 quinta

406 4851 551 4932 proxima
587 4865 659 4933 post
698 4849 938 4912 Purificacionis
969 4851 1060 4911 beate
1095 4851 1194 4912 Matie
1233 4852 1376 4933 virginis.
1409 4857 1505 4914 Anno
1537 4851 1669 4913 Domini

407 4958 581 5020 millesimo
606 4958 866 5041 quingentesimo
890 4957 1048 5040 vigesimo
1075 4957 1190 5038 primo.

932 5106 1145 5126 *Qua——
