3804 5798
941 549 1125 610 Iuventatis.

493 760 571 822 ltem
597 760 628 822 in
654 759 768 822 eadem
793 761 870 822 cista
905 761 971 822 duo
1003 762 1105 823 cusini
1130 764 1206 824 novi
1231 763 1270 825 de
1302 765 1426 848 optimo
1451 783 1534 844 ras0,
1557 764 1645 826 rubei

385 867 514 947 coloris,
538 867 655 928 tercius
679 867 785 928 minor
808 867 903 928 viridi
929 869 1046 930 coloris
1070 869 1109 930 de
1134 870 1257 952 optima
1284 869 1447 934 thaiwtha.

491 973 568 1035 Item
593 973 787 1035 lavatorium
812 987 1000 1054 argenteum
1021 994 1093 1037 cum
1111 977 1289 1058 aspersorio
1313 978 1461 1040 similiter
1485 991 1645 1058 argenteo.

491 1079 569 1140 Item
594 1079 674 1140 idria
699 1093 849 1161 argentea
873 1099 931 1161 pro
964 1081 1134 1144 benedicta
1165 1102 1249 1164 aqua
1272 1080 1313 1145 ad
1344 1084 1570 1147 solennitatem
1594 1104 1642 1146 ec-

385 1185 492 1265 clesie,
509 1200 540 1247 et
556 1186 587 1246 in
603 1185 714 1247 eadem
730 1186 907 1268 composita
921 1200 1005 1249 certa
1023 1185 1201 1270 fragmenta
1218 1208 1291 1251 curn
1305 1189 1468 1272 lapidibus
1483 1190 1644 1272 preciosis.

491 1292 568 1354 ltem
601 1293 769 1374 posuimus
799 1293 839 1353 ad
874 1293 1009 1354 eandem
1042 1295 1152 1355 cistam
1189 1295 1433 1376 quatuordecim
1467 1296 1581 1359 calices
1613 1315 1649 1356 ex

386 1399 503 1480 quibus
527 1417 610 1460 unus
634 1412 681 1459 est
701 1397 858 1480 lapideus.

491 1503 569 1564 ltem
607 1503 727 1565 ibidem
763 1505 932 1586 posuimus
966 1525 1025 1588 pro
1065 1507 1305 1589 composicione
1347 1509 1470 1590 argenti
1513 1508 1649 1570 calicum

388 1608 533 1690 quinque
558 1610 679 1691 optima
697 1609 884 1673 linteamina
910 1626 940 1672 et
958 1611 1096 1695 desuper
1119 1615 1286 1696 posuimus
1309 1634 1408 1676 unam
1432 1634 1582 1697 mappam
1607 1615 1649 1676 al-

387 1715 463 1776 taris
486 1714 526 1776 de
550 1716 664 1778 attlacz
689 1715 776 1796 albo,
801 1736 898 1780 novo.

491 1822 568 1883 ltem
593 1822 633 1885 ad
658 1823 933 1905 complementum
953 1824 1096 1886 eiusdem
1115 1825 1201 1903 siste,
1229 1845 1324 1908 supra
1342 1826 1456 1888 calices
1480 1826 1649 1908 posuimus

384 1941 447 1988 tres
471 1927 560 1989 albas
583 1928 797 1992 sacerdotales
821 1931 923 1991 bonas
946 1944 977 1992 et
1001 1949 1113 1996 novas.

490 2034 566 2096 ltem
592 2036 632 2096 ad
656 2035 794 2098 eandem
812 2036 922 2098 cistam
946 2037 1114 2118 posuimus
1130 2038 1267 2120 desuper
1290 2058 1388 2099 unam
1413 2037 1555 2100 casulam
1573 2057 1645 2099 cum

385 2141 536 2203 omnibus
560 2143 743 2204 attinenciis
767 2143 832 2204 suis
856 2141 991 2204 deraso
1016 2143 1110 2204 viridi
1135 2144 1271 2226 optimo,
1296 2143 1449 2224 insignito
1474 2144 1566 2225 signo
1591 2143 1647 2205 do-

386 2247 466 2308 mini
492 2247 628 2310 Osualdi
650 2249 803 2331 episcopi.

490 2353 568 2416 Item
593 2356 762 2437 posuimus
778 2355 898 2418 ibidem
917 2377 1018 2418 unum
1037 2357 1166 2419 Missale
1184 2357 1215 2418 in
1233 2377 1440 2440 pergamen0,
1458 2371 1646 2439 coopertum

384 2479 455 2520 raso
480 2463 580 2522 rubeo
605 2482 690 2524 novo
716 2475 747 2524 et
771 2463 869 2526 bono.

490 2566 568 2629 ltem
594 2569 761 2650 posuimus
785 2569 898 2631 iterum
918 2570 983 2632 duo
1007 2569 1194 2632 linteamina
1227 2584 1258 2632 et
1282 2589 1382 2632 unum
1407 2569 1570 2632 lucilerum
1594 2591 1640 2632 se-

385 2672 450 2733 rico
475 2673 639 2756 depictum
664 2687 695 2736 et
718 2674 784 2736 duo
808 2674 870 2736 alia
895 2674 1021 2738 facileta
1046 2676 1085 2736 de
1113 2675 1300 2758 thaphwtha
1325 2677 1434 2738 veteri.
1549 2665 1552 2670 ⁴

492 2779 570 2840 ltem
596 2780 635 2841 ad
662 2780 798 2842 eandem
824 2781 933 2843 cistam
958 2783 1126 2863 posuimus
1143 2801 1239 2844 unam
1266 2801 1416 2864 magnam
1441 2802 1576 2865 cappam
1594 2803 1644 2843 ru-

384 2886 477 2946 beam
501 2885 540 2946 de
564 2905 704 2968 purpure
729 2905 815 2948 novo
840 2906 913 2950 cum
937 2907 997 2949 suo
1020 2903 1119 2952 scuto.

489 2991 566 3054 ltem
593 2992 713 3054 ibidem
737 2994 904 3075 posuimus
928 3009 1066 3077 quatuor
1090 3015 1206 3078 cappas
1230 3015 1343 3077 parvas
1367 3015 1426 3078 pro
1450 2996 1568 3078 pueris,
1593 3015 1645 3056 co-

383 3097 461 3159 loris
485 3099 548 3160 albi
573 3098 612 3160 de
637 3099 751 3161 attlacz
776 3118 873 3178 novo,
898 3114 929 3162 et
952 3121 1053 3163 unum
1079 3101 1278 3163 Breviarium
1307 3102 1338 3162 in
1364 3120 1562 3185 pergameno
1587 3103 1645 3162 im-

383 3223 527 3286 pressum
552 3204 591 3265 de
616 3205 714 3266 modo
739 3204 917 3268 Goricensi.

490 3311 568 3372 lrem
593 3331 688 3394 supra
713 3330 827 3373 omnes
851 3331 900 3373 res
921 3314 1111 3396 prescriptas
1127 3314 1295 3396 posuimus
1319 3334 1416 3376 unam
1442 3317 1561 3376 bonam
1577 3315 1644 3377 tha-

384 3417 517 3497 peciam.
1006 3460 1019 3488 a

956 3500 968 3528 *
1057 3501 1069 3529 *

488 3574 565 3635 ltem
592 3575 622 3636 in
648 3589 760 3656 quarta
785 3577 872 3656 cista,
895 3597 1002 3658 parva,
1035 3577 1188 3660 oblonga,
1221 3580 1389 3662 posuimus
1414 3578 1573 3660 pastorale
1597 3599 1645 3640 ar·

382 3693 545 3760 genteum‚
569 3681 768 3761 deauratum,
793 3703 865 3744 cum
891 3684 1106 3745 monstrancia
1124 3685 1271 3746 similiter
1294 3699 1455 3766 argentea,
1481 3685 1644 3747 deaurata.

489 3787 565 3849 ltem
591 3789 631 3850 ad
657 3789 792 3850 eandem
816 3790 926 3851 cistam
950 3791 1119 3872 posuimus
1152 3792 1298 3852 cosinum
1322 3805 1532 3872 gemmatum,
1556 3791 1645 3873 quod

382 3906 449 3956 erat
472 3894 550 3955 alias
573 3894 697 3956 domini
723 3892 855 3974 Georgii
874 3895 1078 3977 suffraganei,
1102 3910 1133 3958 et
1156 3897 1304 3958 similiter
1321 3897 1400 3958 duas
1424 3897 1533 3959 thecas
1555 3917 1644 3978 gem·

381 4014 491 4079 maras,
515 4020 573 4083 pto
597 4003 845 4063 conservacione
870 4004 1098 4085 corporalium.

489 4107 565 4168 ltem
592 4109 712 4170 ibidem
744 4110 910 4190 posuimus
944 4111 1106 4172 cossinum
1140 4111 1272 4173 ecclesie
1306 4112 1419 4190 maius,
1446 4126 1645 4192 gemmatum

384 4229 414 4276 et
439 4214 599 4297 lapidibus
624 4216 776 4296 preciosis
807 4231 968 4294 ornatum,
1002 4237 1073 4279 cum
1106 4219 1208 4280 tribus
1239 4218 1344 4279 anulis
1377 4219 1491 4299 aureis,
1524 4233 1555 4282 et
1579 4221 1645 4280 duo

383 4321 471 4402 paria
496 4320 717 4384 cirotecarum.

488 4426 565 4487 ltem
590 4428 757 4508 posuimus
781 4428 901 4490 ibidem
926 4429 1053 4490 rocheta
1079 4451 1142 4491 sex.
1340 4507 1346 4516 η

488 4531 565 4593 ltem
591 4533 629 4593 ad
655 4534 790 4595 eandem
815 4535 926 4597 cistam
951 4536 1118 4618 posuimus
1150 4556 1276 4598 crucem
1301 4538 1434 4599 ecclesie
1460 4559 1600 4601 auream.

489 4639 565 4700 ltem
591 4641 758 4721 posuimus
783 4642 902 4704 ibidem
928 4663 1029 4704 unum
1055 4643 1266 4723 Breviarium‚
1299 4663 1397 4706 manu
1422 4647 1587 4728 scriptum,
1613 4647 1645 4708 in

383 4765 590 4826 pergameno,
621 4765 694 4807 cum
728 4747 874 4828 insigniis
906 4748 1143 4830 episcopalibus
1174 4751 1316 4833 episcopi
1351 4751 1559 4813 waradiensis
1583 4753 1646 4833 sig·

382 4865 503 4930 natum,
528 4873 599 4920 cum
625 4851 733 4913 fibulis
756 4855 915 4934 argenteis
941 4868 972 4916 et
996 4856 1124 4916 duobus
1148 4855 1397 4938 pontificalibus.

489 4959 566 5020 ltem
592 4979 691 5019 unum
717 4959 826 5020 album
852 4961 994 5023 mensale
1019 4961 1059 5022 de
1083 4962 1229 5026 sindone.

489 5065 566 5130 Item
592 5079 730 5149 quatuor
754 5086 854 5151 cappe
879 5068 977 5130 rubee
1002 5066 1040 5127 de
1065 5067 1190 5149 aulaea,
1215 5090 1273 5152 pro
1298 5071 1415 5153 pueris.
