3810 5806
830 583 917 640 Anno
941 589 1030 656 1514.
1523 597 1562 658 95

299 799 553 882 septemtrionali
586 799 669 860 inter
699 796 813 858 silvam
845 813 900 856 seu
933 793 1107 876 virgultum
1141 794 1265 876 providi
1300 809 1330 854 er
1352 793 1477 854 honesti
1503 792 1564 852 viri

302 906 434 987 Georgii
458 905 627 988 selliparis,
652 924 670 965 a
695 915 782 985 parte
806 921 883 962 vero
897 901 1100 980 occidentali,
1121 901 1257 983 desuper
1282 920 1299 962 a
1323 900 1374 960 via
1400 898 1565 962 communi

300 1026 331 1075 et
353 1009 435 1074 infra
461 1030 562 1094 usque
594 1009 728 1072 fluvium
760 1008 863 1092 llycza
897 1021 1067 1086 vocaturn,
1098 1027 1131 1068 se
1164 1006 1400 1084 extendentem,
1425 1005 1565 1066 habitam

301 1135 331 1182 et
354 1120 554 1197 existentem,
579 1117 619 1179 de
642 1137 704 1199 qua
730 1117 825 1178 nobis
848 1115 888 1176 ad
925 1115 1113 1176 comitatum
1146 1127 1291 1176 nostrum
1317 1113 1452 1194 singulis
1475 1110 1567 1172 annis

301 1226 535 1309 proveniebant
558 1223 654 1286 solidi
678 1221 793 1304 viginti
823 1221 979 1303 quinque,
1005 1240 1087 1302 quos
1119 1240 1177 1282 nos
1201 1219 1305 1281 eidem
1332 1219 1433 1280 Elene
1458 1231 1488 1280 et
1512 1217 1566 1278 he·

301 1333 431 1395 redibus
454 1333 520 1394 suis
543 1331 705 1414 perpetuis
723 1329 924 1412 temporibus
941 1347 998 1411 pro
1016 1347 1082 1390 uno
1098 1326 1168 1391 flor.
1186 1327 1347 1388 abolimus
1372 1339 1402 1388 et
1427 1324 1563 1388 eandem

301 1439 436 1501 liberam
461 1441 582 1521 absque
610 1437 699 1500 omni
725 1456 823 1498 censu
851 1448 960 1497 nostro
983 1434 1159 1514 communi,
1178 1434 1282 1496 eidem
1315 1432 1382 1514 jure
1407 1445 1562 1514 perpetuo

302 1547 522 1624 inscripsimus
547 1559 577 1606 et
601 1543 807 1606 conferimus.

408 1651 507 1726 Quod
525 1671 584 1712 nos
601 1651 764 1732 quandam
782 1664 897 1712 terram
915 1647 1070 1710 arabilem
1088 1661 1195 1708 nostre
1213 1645 1453 1708 communitatis
1470 1644 1565 1706 simul

302 1778 374 1821 curn
399 1758 542 1840 quodam
567 1756 686 1838 (h)orto
712 1756 811 1836 vulgo
837 1755 924 1817 Okol
950 1765 1146 1836 nuncupato,
1181 1772 1278 1833 penes
1303 1765 1333 1813 et
1358 1751 1389 1812 in
1416 1751 1566 1832 contigua

302 1865 465 1926 vicinitate
490 1863 634 1925 eiusdem
659 1878 741 1925 terre
759 1862 960 1940 existentem,
979 1861 1010 1922 in
1028 1859 1190 1922 territorio
1215 1871 1325 1920 nostro
1349 1877 1404 1918 seu
1429 1857 1567 1918 civitatis

303 1968 423 2054 prefate
447 1970 530 2030 inter
554 1969 716 2052 quandam
741 1970 827 2031 viam
852 1987 1057 2030 communem
1083 1985 1258 2049 perquam
1284 1965 1346 2026 itur
1370 1965 1409 2025 ad
1435 1983 1566 2046 parvam

304 2077 465 2160 Lazyuam
491 2077 621 2154 dictam,
645 2095 663 2137 a
687 2090 775 2158 parte
794 2075 988 2150 orientali,a
1010 2088 1098 2157 parte
1116 2093 1192 2136 vero
1210 2071 1463 2155 septemtrionali
1484 2071 1565 2132 inter

303 2183 444 2264 quodam
462 2183 598 2244 minimo
615 2183 724 2264 spacio
749 2197 830 2244 terre
848 2195 954 2244 nostre
979 2180 1219 2242 communitatis
1243 2193 1274 2242 et
1298 2179 1399 2241 eciam
1424 2179 1564 2260 quadarn

304 2291 353 2350 via
379 2289 543 2351 communi
567 2307 745 2372 perquam
771 2289 833 2350 itur
858 2307 967 2349 versus
991 2284 1146 2370 prefatam
1171 2300 1293 2369 partem
1320 2285 1509 2347 orientalem
1527 2285 1566 2345 ad

304 2395 421 2456 vadum
448 2395 685 2473 Kralewbrod,
710 2415 727 2455 a
752 2409 839 2476 parte
863 2412 939 2455 vero
964 2393 1155 2455 occidentali
1186 2392 1267 2452 inter
1291 2391 1454 2472 quandam
1480 2389 1565 2450 viam

304 2501 483 2583 pedestrem
509 2501 586 2582 ipsis
616 2500 737 2561 scilicet
767 2513 848 2561 terre
881 2515 911 2560 et
942 2498 1050 2580 (hlorti
1083 2499 1242 2580 pertinere
1277 2512 1307 2558 et
1331 2497 1491 2558 deservire
1515 2495 1568 2556 de·

305 2610 445 2684 bentem,
471 2621 502 2669 et
534 2628 551 2668 a
583 2619 671 2690 parte
704 2606 907 2667 meridionali
941 2605 1105 2686 quoddam
1139 2603 1293 2666 fossatum
1325 2604 1424 2685 vulgo
1449 2603 1563 2665 Chwel

305 2715 437 2792 dictum,
454 2725 599 2794 tempore
629 2711 854 2774 inundacionis
883 2711 973 2773 fluvii
998 2711 1084 2772 Zaue
1101 2709 1308 2789 defluentem,
1333 2709 1568 2788 circumvoluti,

305 2819 403 2881 habiti
422 2833 453 2881 et
470 2819 644 2897 existentis,
660 2831 722 2880 tres
744 2817 844 2879 dietas
858 2818 908 2879 vel
926 2817 1002 2878 citra
1027 2818 1058 2878 in
1077 2837 1108 2877 se
1127 2817 1356 2895 continentem,
1373 2815 1470 2876 simul
1495 2834 1567 2877 cum

305 2925 457 2986 omnibus
480 2925 624 2986 eiusdem
650 2939 731 2987 terre
763 2945 819 2986 seu
845 2923 954 3006 (hlorti
987 2924 1117 2986 arabilis
1147 2923 1348 2998 utilitatibus,
1373 2923 1494 3000 usibus,
1519 2921 1566 3002 ju-

305 3033 392 3092 ribus
417 3043 448 3092 et
472 3031 679 3113 pertinenciis
703 3031 860 3092 universis
891 3031 1028 3113 provido
1061 3031 1130 3091 viro
1164 3029 1292 3091 Andree
1325 3027 1463 3090 carnifici
1495 3047 1569 3090 con-

306 3137 367 3198 civi
393 3152 503 3201 nostro
527 3157 564 3200 ac
588 3157 643 3220 per
667 3157 740 3199 eum
774 3137 839 3199 suis
863 3137 1034 3199 heredibus
1066 3156 1124 3219 pro
1157 3136 1225 3198 flor.
1251 3135 1378 3197 duobus
1402 3149 1569 3217 perpetua·

307 3244 378 3305 liter
402 3245 521 3306 liberos
544 3244 750 3306 vendidimus
773 3259 803 3306 et
828 3244 1047 3324 inscripsimus
1075 3242 1313 3326 possidendam.

413 3350 511 3426 Quod
535 3370 594 3413 nos
611 3351 650 3412 ad
669 3351 864 3434 peticionem
884 3349 1060 3429 Michaelis,
1076 3349 1194 3432 Myhelc
1211 3349 1398 3430 nuncupati,
1416 3349 1454 3409 de
1474 3347 1565 3410 Wer·

308 3457 430 3536 hovcz,
455 3457 560 3519 incole
593 3471 624 3520 et
656 3457 880 3520 inhabitatoris
911 3457 1063 3519 territorii
1096 3456 1233 3518 civitatis
1264 3469 1383 3534 nostre,
1409 3455 1571 3536 quandam

306 3563 432 3624 vineam
458 3583 548 3625 suam
574 3563 832 3626 condicionalem
860 3564 889 3625 in
920 3563 1081 3625 territorio
1113 3561 1234 3645 prefate
1259 3563 1396 3624 civitatis
1420 3562 1502 3624 inter
1526 3561 1571 3621 vi-

307 3691 400 3734 neam
426 3671 552 3755 providi
577 3671 637 3733 viri
662 3671 747 3733 Petri
779 3671 929 3752 agricole,
962 3669 1001 3731 de
1033 3669 1157 3747 eadem,
1189 3669 1298 3750 generi
1328 3687 1406 3729 vero
1432 3667 1570 3729 condam

307 3779 447 3856 Andree,
470 3798 487 3840 a
512 3793 600 3861 parte
633 3777 905 3860 septemtrionali,
939 3791 970 3838 et
1002 3777 1084 3837 inter
1115 3775 1243 3836 vineam
1274 3774 1422 3836 similiter
1446 3774 1572 3856 providi

307 3886 367 3948 viri
392 3885 491 3948 blasii
515 3885 656 3968 agricole
689 3885 729 3946 de
761 3883 874 3946 eadem
906 3883 1100 3946 Werhowcz
1128 3903 1145 3943 a
1177 3881 1382 3943 meridionali
1408 3895 1507 3963 parte,
1533 3882 1572 3941 ab

309 3992 513 4070 occidentali,
538 3992 675 4074 desuper
699 4011 716 4052 a
740 3991 790 4052 via
810 3990 974 4052 communi
998 4003 1029 4051 et
1053 3987 1134 4050 infra
1152 4007 1254 4070 usque
1279 3985 1413 4049 fluvium
1438 4007 1494 4049 seu
1519 3987 1573 4048 de-

307 4117 434 4160 cursum
459 4118 542 4180 aque
567 4097 717 4180 pluvialis
742 4098 884 4158 habitam
909 4111 939 4158 et
957 4097 1156 4172 existentem,
1181 4095 1221 4156 de
1246 4114 1309 4176 qua
1334 4095 1427 4155 nobis
1451 4113 1507 4155 seu
1533 4093 1572 4155 ad

307 4205 495 4265 comitatum
507 4217 650 4266 nostrum
664 4204 898 4286 proveniebant
911 4201 1045 4283 singulis
1058 4201 1150 4263 annis
1163 4200 1259 4262 solidi
1284 4201 1398 4281 viginti
1416 4201 1573 4282 quinque,

308 4329 390 4391 quos
414 4329 472 4371 nos
496 4309 602 4372 eidem
628 4323 659 4372 et
683 4309 855 4372 heredibus
879 4309 944 4370 suis
969 4328 1026 4391 pro
1059 4307 1187 4369 duobus
1210 4305 1279 4370 fior.
1305 4306 1573 4368 delibertavimus

308 4429 338 4477 et
362 4416 567 4496 abolivimus,
592 4430 623 4478 et
647 4417 768 4478 eisdem
786 4414 854 4496 jure
878 4429 1035 4498 perpetuo
1052 4415 1188 4476 liberam
1212 4416 1333 4495 absque
1359 4413 1448 4474 omni
1474 4432 1572 4474 censu

307 4536 417 4584 nostro
441 4523 606 4585 communi
632 4524 852 4606 inscripsimus
876 4537 907 4584 et
931 4521 1138 4585 conferimus.

414 4629 513 4703 Quod
538 4649 597 4692 nos
622 4629 784 4712 quandam
809 4643 926 4692 terram
961 4643 1102 4690 nostram
1126 4646 1331 4690 communem
1359 4627 1513 4689 arabilem
1540 4627 1573 4688 in

309 4736 469 4798 territorio
495 4751 603 4798 nostro
628 4756 684 4797 seu
722 4737 857 4798 civitatis
888 4733 1009 4817 prefate
1041 4735 1196 4812 habitam,
1229 4735 1311 4795 inter
1335 4734 1430 4794 aliam
1457 4747 1573 4794 terram

310 4842 457 4902 similiter
481 4843 635 4904 arabilem
668 4863 720 4904 are
753 4857 859 4904 sancte
886 4841 999 4904 Crucis
1030 4841 1062 4902 in
1095 4841 1229 4902 ecclesia
1261 4853 1367 4900 nostra
1394 4838 1570 4922 parochiali

309 4947 408 5009 sancti
441 4949 540 5010 Marci
573 4949 778 5030 ewangeliste
811 4961 1011 5026 constructe,
1043 4969 1060 5008 a
1093 4961 1182 5030 parte
1214 4945 1479 5028 septemtrionali,
1501 4959 1573 5006 eta

310 5053 515 5116 meridionali
540 5056 622 5118 inter
646 5056 741 5117 aliam
767 5071 882 5118 terram
906 5055 1061 5116 arabilem
1078 5053 1204 5136 providi
1230 5067 1261 5114 et
1285 5051 1411 5116 honesti
1435 5052 1495 5114 viri
1512 5052 1574 5114 Va-
