3810 5806
796 483 883 539 Anno
905 478 996 556 1518.
1447 503 1505 564 103

242 707 380 777 quatuor
404 694 506 756 dietas
529 709 584 755 aut
601 694 676 754 citra
700 693 731 752 in
756 711 789 753 se
807 693 1003 770 continente,
1021 694 1052 754 in
1072 693 1263 776 Cirquische
1287 717 1385 779 penes
1403 697 1505 779 quod·

243 800 316 862 dam
334 801 432 882 vulgo
449 799 583 882 Thopol
600 798 741 861 habitam
759 812 790 860 et
813 799 1013 878 existentem,
1038 799 1143 882 ipsum
1168 800 1289 864 scilicet
1313 801 1504 864 Michaelem

241 907 382 988 judicem
407 926 424 968 a
449 905 599 987 prudenti
624 919 655 968 et
687 906 919 987 circumspecto
951 906 1021 966 viro
1054 906 1203 968 Emerico
1228 908 1354 970 literato
1378 908 1505 970 seniore

241 1012 347 1093 judice
371 1027 402 1074 et
426 1013 558 1074 concive
583 1025 692 1073 nostro
718 1027 748 1073 er
777 1011 901 1094 prelato
935 1011 1084 1074 Guwauo
1117 1013 1247 1075 Pastore
1280 1015 1505 1076 executoribus

241 1138 318 1180 vero
342 1119 479 1180 condam
505 1118 629 1180 domini
656 1118 775 1180 Mathei
797 1118 876 1179 alias
892 1118 1022 1200 plebani
1048 1119 1087 1179 de
1105 1119 1393 1203 Kranesynopolye
1417 1140 1504 1204 emp·

241 1225 344 1287 cionis
367 1225 462 1287 titulo
487 1239 728 1303 concernentes,
752 1244 807 1306 per
831 1225 965 1286 modurn
990 1226 1171 1288 concambii
1197 1241 1227 1288 et
1251 1227 1504 1307 permutacionis

240 1332 310 1395 sine
333 1333 401 1394 ullo
426 1331 648 1394 additamento
673 1332 834 1410 dedimus,
866 1333 1131 1413 permutavimus,
1156 1333 1256 1394 immo
1281 1333 1406 1412 damus,
1432 1354 1501 1416 per·

245 1452 407 1500 mutamus
432 1454 462 1500 et
486 1436 682 1501 conferimus
712 1439 780 1520 jure
812 1453 967 1520 perpetuo
999 1452 1029 1500 et
1061 1439 1315 1501 irrevocabiliter
1338 1440 1503 1520 tenendas,

241 1545 453 1626 possidendas
475 1545 593 1627 pariter
617 1558 648 1606 et
671 1544 835 1607 habendas
859 1565 895 1606 ac
924 1545 1009 1606 iuxta
1035 1545 1260 1606 condicionem
1285 1545 1404 1626 (nostre
1429 1547 1503 1607 civi-

239 1652 313 1714 tatis
329 1652 369 1713 ab
387 1651 521 1733 antiquo
538 1651 759 1733 approbatam,
776 1651 1086 1731 quomodocumque
1101 1651 1240 1714 voluerit
1257 1651 1503 1733 disponendas);

240 1760 291 1820 cui
326 1759 399 1821 data
432 1773 480 1821 est
509 1759 601 1821 litera
634 1756 855 1840 privilegialis.
888 1756 1006 1818 Datum
1039 1755 1118 1819 feria
1151 1772 1265 1838 quarta
1290 1771 1362 1818 ante
1387 1755 1501 1818 festum

240 1867 332 1926 beate
357 1865 458 1926 Elene
483 1865 603 1945 regine.
628 1868 725 1938 Anno
743 1862 875 1924 Domini
901 1861 1075 1924 millesimo
1092 1863 1353 1945 quingentesimo
1377 1863 1503 1924 decimo

239 1983 365 2034 octavo.

346 2076 443 2152 Quod
467 2077 543 2158 quia
568 2095 627 2137 nos
659 2075 823 2157 quandam
856 2076 984 2136 vineam
1016 2089 1102 2138 extra
1127 2076 1253 2137 Novam
1277 2088 1415 2158 portam,
1440 2095 1502 2156 que

239 2182 399 2265 prefuerat
423 2183 561 2245 condam
586 2182 682 2245 Clare
707 2183 817 2244 relicte
842 2181 979 2243 condam
1007 2182 1096 2244 Pauli
1124 2181 1309 2244 fistulatoris
1334 2195 1365 2244 et
1388 2184 1500 2244 eadem

237 2304 310 2371 post
334 2305 471 2352 mortem
496 2289 641 2351 eiusdem
666 2303 698 2351 et
721 2287 884 2351 defectum
915 2289 1048 2350 seminis
1071 2289 1112 2350 ad
1137 2309 1196 2350 nos
1219 2289 1377 2370 legittime
1402 2290 1500 2352 devo-

239 2396 316 2474 luta,
342 2397 374 2458 in
398 2396 560 2458 territorio
585 2410 695 2456 nostro
719 2415 774 2456 seu
804 2396 941 2457 civitatis
964 2395 1085 2476 prefate
1105 2396 1187 2457 inter
1212 2396 1322 2458 vineas
1345 2397 1404 2457 viri
1429 2416 1500 2478 pro·

239 2503 303 2564 vidi
329 2502 458 2564 Andree
484 2501 640 2564 Horwarh
665 2501 806 2563 concivis
830 2502 942 2580 nostri,
966 2503 1006 2563 ab
1028 2521 1101 2580 una,
1125 2501 1276 2564 videlicet
1300 2503 1501 2584 septemtrio·

236 2609 300 2670 nali
325 2623 426 2690 parte,
450 2609 490 2669 ab
515 2607 613 2670 altera
645 2627 722 2669 vero
755 2607 904 2670 orientali
936 2607 1053 2670 fluvius
1084 2627 1167 2690 aque
1192 2608 1498 2690 Medwednycza,a

235 2715 439 2776 meridionali
464 2715 556 2776 vinea
582 2714 669 2776 Luce
693 2714 851 2796 selliparis
867 2715 907 2775 de
924 2715 996 2776 vico
1013 2728 1158 2776 sutorum
1183 2715 1331 2777 similiter
1354 2716 1496 2777 concivis

234 2822 345 2900 nostri,
369 2837 400 2883 er
417 2823 456 2883 ab
481 2820 673 2884 occidentali
692 2821 836 2902 parribus
852 2822 903 2882 via
927 2822 1127 2900 communis,
1145 2821 1285 2883 habitam
1301 2836 1332 2883 et
1356 2823 1494 2884 existen·

234 2942 310 3007 tem,
328 2929 431 3010 ipsam
447 2927 569 2990 scilicet
585 2926 714 2989 Claram
729 2926 868 2988 condam
881 2941 953 3010 post
970 2941 1108 2989 mortem
1125 2926 1238 3010 prefati
1253 2929 1391 2990 condam
1405 2929 1495 2991 Pauli

233 3032 420 3096 fistulatoris
444 3047 475 3095 et
499 3053 555 3116 per
580 3052 654 3094 eum
679 3033 710 3094 in
736 3034 885 3094 extremis
909 3033 1059 3114 legatam,
1084 3033 1151 3115 jure
1175 3035 1373 3095 successorio
1398 3049 1429 3096 et
1453 3035 1497 3096 le-

232 3141 377 3222 gacionis
401 3141 496 3202 titulo
521 3153 782 3218 concernentem,
807 3139 903 3201 simul
937 3159 1010 3202 cum
1042 3140 1194 3201 omnibus
1227 3140 1372 3202 eiusdem
1405 3143 1497 3203 vinee

234 3248 439 3328 utilitatibus,
463 3247 597 3328 juribus,
622 3247 744 3326 usibus,
761 3245 1038 3308 fructuositaribus
1056 3261 1087 3307 et
1111 3247 1317 3329 pertinenciis
1341 3247 1498 3309 universis

234 3355 372 3437 provido
397 3356 466 3416 viro
491 3354 621 3416 Matheo
647 3353 804 3415 Horwarh
829 3353 953 3415 concivi
979 3365 1089 3415 nostro
1113 3373 1149 3415 ac
1175 3373 1230 3435 per
1255 3374 1328 3416 eum
1353 3355 1418 3416 suis
1443 3355 1497 3416 he·

233 3463 363 3524 redibus
387 3480 445 3544 pro
470 3459 539 3524 flor.
564 3480 629 3540 sex,
654 3475 685 3522 et
709 3479 765 3542 per
785 3459 923 3521 eundem
948 3461 1042 3520 nobis
1058 3479 1114 3521 seu
1140 3462 1363 3523 communitati
1389 3477 1495 3524 nostre

232 3569 327 3650 plene
352 3569 434 3630 datis
458 3581 489 3645 et
512 3567 684 3650 persolutis
715 3581 746 3629 et
778 3586 833 3648 per
865 3586 923 3626 nos
947 3585 1005 3647 pro
1038 3567 1208 3628 animabus
1239 3569 1429 3630 eorumdem
1454 3570 1494 3631 sd

232 3672 387 3736 fabricam
412 3673 546 3735 ecclesie
570 3673 740 3736 salubriter
768 3673 920 3754 expositis
937 3686 968 3734 et
986 3672 1187 3755 dispensatis,
1211 3674 1357 3752 liberam,
1382 3675 1492 3736 vendi-

233 3781 340 3842 dimus
365 3796 395 3842 et
419 3779 616 3842 contulimus
640 3780 707 3861 jure
727 3793 883 3862 perpetuo
905 3793 935 3842 et
953 3780 1204 3842 irrevocabiliter
1221 3781 1393 3844 tenendam
1418 3797 1496 3866 etc.;

232 3888 282 3948 cui
308 3887 382 3949 data
407 3900 454 3949 est
477 3887 569 3948 litera
594 3886 814 3969 privilegialis.
842 3886 959 3948 Datum
994 3886 1073 3948 feria
1104 3887 1215 3968 quinta
1242 3888 1273 3948 iu
1299 3889 1407 3968 vigilia
1433 3891 1494 3950 Na·

231 3994 366 4056 tivitatis
399 3993 542 4056 Domini.
577 3999 673 4056 Anno
706 3993 838 4055 Domini
870 3993 1044 4054 millesimo
1077 3993 1336 4075 quingentesimo
1368 3995 1494 4057 decimo

232 4100 381 4182 septimo.
406 4135 449 4146 —
474 4099 544 4162 Hoc
570 4101 670 4162 eciam
704 4119 864 4182 express0,
897 4099 986 4182 quod
1019 4119 1077 4161 nos
1108 4099 1272 4180 quoddam
1297 4121 1429 4163 censum
1454 4103 1494 4164 ad

232 4207 398 4269 ecclesiam
417 4220 557 4268 nostram
582 4208 742 4290 pertinere
760 4207 933 4268 debentem
951 4227 1009 4288 pro
1028 4225 1094 4267 uno
1112 4204 1181 4268 llor.
1207 4207 1312 4268 eidem
1328 4195 1494 4291 ¹perpetuo

162 4342 166 4348 ·
231 4313 463 4376 libertavimus.

338 4421 437 4494 Quod
462 4419 538 4501 quia
563 4439 621 4480 nos
646 4420 812 4501 quoddam
837 4417 934 4480 fenile
968 4434 1112 4481 nostrum
1148 4439 1322 4481 commune
1347 4422 1379 4482 in
1404 4423 1492 4482 terri·

231 4529 315 4590 torio
340 4542 450 4590 nostro
475 4547 531 4589 seu
562 4527 700 4590 civitatis
731 4524 853 4609 prelate
887 4526 968 4588 inter
996 4541 1027 4588 et
1058 4547 1156 4609 penes
1187 4527 1321 4590 fluvium
1348 4527 1492 4589 Cherno·

232 4654 337 4696 mercz
361 4633 494 4713 dictum,
518 4635 558 4695 ab
583 4632 773 4696 occidentali
799 4647 900 4714 parte,
925 4647 955 4694 et
979 4633 1266 4715 aseptemtrionsli
1292 4648 1322 4694 et
1345 4635 1491 4695 orientali

233 4761 356 4803 necnon
389 4741 594 4802 meridionali
626 4741 769 4822 partibus
801 4740 939 4821 quadam
981 4741 1030 4802 via
1065 4742 1228 4803 communi
1261 4741 1491 4802 circumvoluta

233 4847 375 4909 habitunt
401 4863 431 4908 et
456 4849 603 4924 existens,
627 4847 723 4908 simul
745 4867 818 4908 curn
836 4847 988 4908 omnibus
1005 4848 1148 4909 eiusdem
1166 4847 1273 4909 senilis
1290 4848 1490 4926 utilitatibus,

231 4953 363 5034 juribus,
389 4953 509 5032 usibus,
527 4951 801 5014 fructuositatibus
818 4967 848 5014 et
866 4954 1070 5035 pertinenciis
1089 4955 1244 5016 universis
1261 4954 1490 5036 circumspecto
