3810 5806
387 767 461 810 nem
486 750 635 812 videlicet
659 752 698 810 ad
725 752 827 813 dictos
857 753 1102 831 quatuordecim
1137 771 1240 812 annos
1273 751 1430 813 insolutos
1455 770 1556 812 annos
1581 771 1651 832 per-

386 856 542 932 transivit,
565 858 696 919 tandem
721 858 798 918 dum
815 877 891 938 sepe
915 857 1019 918 dictus
1037 858 1227 919 Dominicus
1246 858 1418 940 Perowych
1444 859 1542 920 vitam
1560 879 1650 920 suam

388 962 536 1024 claudere
558 982 767 1044 cognoscens,
800 963 990 1044 prelibatam
1024 964 1157 1025 domum
1195 984 1286 1026 suam
1318 979 1489 1044 muratam,
1523 980 1557 1026 ut
1581 986 1651 1047 pre·

388 1066 497 1145 fertur,
521 1089 592 1129 cum
619 1069 769 1131 omnibus
793 1070 858 1130 suis
882 1070 1091 1150 pertinenciis
1113 1090 1171 1152 pro
1196 1071 1348 1153 predictis
1372 1085 1500 1133 centum
1526 1070 1596 1134 flor.
1621 1086 1653 1133 et

388 1176 487 1236 eciam
514 1195 571 1256 pro
596 1176 660 1237 alio
679 1189 765 1236 certo
790 1176 900 1237 debito
919 1191 1029 1238 nostro
1045 1196 1101 1237 seu
1119 1178 1344 1238 communitati
1369 1192 1476 1240 nostre
1500 1178 1652 1239 videlicet

388 1280 457 1343 flor.
481 1282 596 1362 viginti
621 1296 706 1362 octo,
731 1303 813 1364 quos
837 1283 904 1363 ipse
923 1283 1015 1343 nobis
1039 1303 1096 1344 seu
1113 1284 1336 1346 communitati
1362 1298 1470 1346 nostre
1494 1284 1651 1345 debitoris

388 1389 601 1469 obligabatur,
627 1389 854 1450 vendicionem
880 1391 1030 1471 expedire
1055 1391 1149 1450 nobis
1177 1390 1256 1472 (seu)
1284 1389 1404 1472 prefate
1429 1389 1652 1452 communitati

388 1495 561 1575 reliquerat
584 1510 614 1556 et
638 1495 810 1575 legaverat.
836 1497 902 1557 Nos
928 1497 1035 1576 itaque
1059 1493 1180 1578 prefata
1205 1498 1419 1559 communitas
1443 1499 1530 1579 prius
1554 1516 1652 1558 onera

389 1616 419 1663 et
443 1601 586 1682 quelibet
609 1603 795 1682 gravamina
821 1601 961 1664 filiorum
990 1621 1121 1664 suorum
1149 1601 1320 1682 Gabrielis,
1345 1603 1508 1664 Dominici
1533 1617 1565 1666 et
1583 1603 1651 1665 uni·

388 1727 553 1769 versorum
577 1706 721 1786 fratrum,
746 1711 1033 1790 proximorumque
1051 1729 1195 1788 suorum,
1220 1729 1301 1790 quos
1326 1730 1456 1792 presens
1480 1711 1651 1791 negocium

388 1814 500 1894 tangit,
523 1828 721 1895 tangereque
737 1829 846 1896 posset
869 1816 1106 1897 quoquomodo
1124 1817 1155 1876 in
1173 1815 1329 1894 futurum,
1346 1837 1490 1898 superse
1508 1836 1652 1898 assump-

388 1920 498 1998 simus,
523 1921 728 2002 prescriptam
755 1921 888 1982 domum
914 1938 1071 1983 muratam
1090 1923 1283 2004 penitusque
1308 1921 1441 1985 edificiis
1466 1923 1649 1984 destitutam

389 2041 419 2088 et
443 2028 619 2106 ruinosam,
644 2028 726 2089 inter
750 2028 884 2088 domum
914 2029 1068 2090 heredum
1101 2049 1158 2090 seu
1188 2049 1409 2092 successorum
1435 2029 1571 2091 condam
1599 2030 1652 2090 Jo-

390 2133 504 2194 hannis
528 2133 738 2218 Soldinarycli
773 2133 869 2212 dicti,
901 2135 979 2195 olim
1012 2136 1148 2197 senioris
1179 2136 1294 2216 judicis
1319 2151 1350 2197 et
1372 2137 1515 2197 concivis
1539 2136 1652 2213 nostri,

390 2260 406 2300 a
432 2254 518 2321 parte
544 2240 749 2319 occidentali,
774 2254 804 2302 et
837 2241 919 2302 inter
951 2241 1084 2302 domum
1117 2263 1173 2303 seu
1206 2243 1382 2304 stacionem
1408 2257 1491 2304 retro
1516 2242 1651 2303 eandem

390 2347 534 2424 domum,
567 2366 623 2407 scu
654 2347 823 2408 cisternam
857 2347 1002 2408 eiusdem
1036 2349 1152 2409 domus
1184 2347 1297 2431 prefati
1328 2349 1464 2410 condam
1491 2348 1653 2410 Dominici

390 2452 576 2534 Perowych,
608 2473 659 2512 are
693 2453 776 2514 beati
810 2453 936 2514 Nicolai
969 2453 1162 2516 confessoris
1196 2457 1227 2516 in
1263 2457 1395 2517 ecclesia
1428 2471 1536 2516 nostra
1568 2455 1653 2516 beati
1749 2499 1753 2509 .

392 2560 490 2629 Marci
516 2559 723 2640 ewangeliste
755 2558 898 2638 fundate,
929 2582 946 2620 a
979 2560 1181 2622 meridionali
1217 2577 1316 2643 parte,
1348 2581 1384 2622 ac
1409 2563 1491 2623 inter
1515 2562 1650 2622 domum

392 2667 613 2747 circumspecti
640 2680 670 2727 et
687 2665 812 2728 honesti
835 2667 894 2727 viri
925 2666 1057 2747 Georgii
1086 2667 1334 2750 Zowonychych
1360 2669 1447 2746 dicti,
1472 2689 1489 2729 a
1512 2683 1650 2750 septem-

390 2773 519 2834 trionali
545 2785 644 2854 parte,
669 2785 700 2833 et
724 2773 755 2834 in
781 2774 949 2853 posteriori
975 2788 1062 2854 parte
1080 2793 1177 2855 penes
1205 2776 1289 2836 viam
1316 2794 1535 2854 communem,
1560 2788 1653 2835 etex

391 2880 457 2960 ipsa
482 2879 532 2939 via
558 2879 722 2940 communi
749 2899 765 2940 a
791 2879 874 2940 dicta
892 2893 980 2960 parte
1006 2881 1154 2941 orientali
1172 2900 1301 2942 securus
1326 2881 1474 2942 introitus
1499 2880 1654 2942 currualis

391 2986 473 3046 dicte
498 2985 614 3046 domus
639 3005 694 3067 per
720 3005 870 3066 magnam
896 2999 1018 3066 portam
1054 3006 1153 3068 usque
1188 2989 1320 3048 domum
1347 2985 1461 3069 prefati
1487 2987 1654 3049 Michaelis

392 3092 603 3174 Opprasnych
629 3107 659 3154 et
691 3093 812 3154 curiam
839 3113 896 3154 seu
929 3092 1065 3154 fundum
1087 3093 1211 3175 'prelati
1246 3094 1377 3176 Georgii
1404 3094 1654 3177 Zowynowych,

392 3201 423 3260 in
448 3199 617 3260 latitudine
642 3201 681 3259 ab
707 3213 842 3279 utraque
868 3213 956 3280 parte
980 3220 1013 3260 se
1031 3200 1270 3279 extendentem,
1296 3201 1435 3262 habitam
1462 3213 1493 3262 et
1517 3200 1654 3261 existen·

391 3321 467 3382 tem,
491 3325 588 3366 unam
622 3306 779 3386 integram
812 3306 931 3366 curiam
965 3307 1004 3366 ad
1039 3326 1131 3367 usum
1161 3307 1244 3368 dicre
1278 3308 1414 3368 civitatis
1438 3308 1469 3367 in
1495 3327 1528 3368 se
1553 3307 1654 3368 conti·

378 3400 535 3490 ¹nentem,
568 3412 672 3492 ipsum
704 3413 824 3472 scilicet
856 3413 992 3473 condam
1028 3413 1233 3474 Dominicum
1267 3413 1441 3496 Perowych
1474 3415 1653 3476 acondam

393 3518 538 3579 lohanne
563 3518 710 3579 similiter
735 3519 909 3601 Perowych
934 3519 1031 3598 dicto,
1063 3520 1143 3580 olim
1175 3521 1301 3582 seniore
1334 3521 1439 3604 judice
1463 3536 1494 3582 et
1519 3521 1653 3582 concive

393 3639 513 3702 nostro,
538 3639 625 3705 patre
650 3644 726 3686 vero
751 3645 809 3686 suo
835 3626 952 3686 carnali
978 3625 1045 3707 jure
1064 3627 1257 3688 hereditario
1272 3642 1531 3706 concernentem,
1555 3628 1654 3689 simul

393 3751 465 3793 cum
490 3733 641 3793 omnibus
666 3733 810 3794 eiusdem
836 3733 952 3794 domus
977 3748 1099 3795 murate
1129 3736 1322 3816 penitusque
1347 3735 1481 3797 edificiis
1503 3737 1654 3798 destitute

393 3852 423 3900 et
447 3839 587 3917 ruinose,
612 3859 647 3899 ac
672 3837 785 3916 fundo,
810 3839 994 3920 celarioque
1019 3841 1167 3902 similiter
1191 3856 1329 3920 murato,
1354 3863 1411 3904 nec
1436 3863 1502 3904 non
1527 3857 1562 3904 ut
1585 3862 1654 3924 pre·

393 3944 519 4022 dicitur,
544 3964 606 4005 una
632 3946 754 4025 integra
784 3946 881 4023 curia,
906 3960 937 4006 et
960 3967 1072 4008 securo
1097 3949 1229 4008 introitu
1262 3949 1400 4010 curruali
1425 3970 1481 4031 per
1505 3969 1654 4030 magnam

392 4066 516 4132 portam
543 4053 574 4112 in
608 4052 776 4132 posteriori
808 4068 907 4133 parte,
933 4054 1134 4131 utilitatibus,
1159 4053 1292 4135 juribus,
1329 4055 1456 4132 usibus,
1492 4055 1655 4136 integrita-

392 4159 477 4218 tibus
520 4171 550 4218 et
585 4159 789 4238 pertinenciis
829 4159 986 4219 universis
1034 4158 1156 4240 prelato
1197 4160 1347 4222 Michaeli
1380 4160 1593 4244 Opprasnych
1625 4175 1656 4222 et

394 4285 449 4345 per
473 4283 546 4325 eum
577 4265 642 4324 suis
667 4264 838 4326 heredibus
870 4285 927 4346 pro
958 4265 1109 4346 predictis
1134 4281 1261 4328 centum
1287 4266 1355 4328 flor.
1382 4281 1412 4328 et
1436 4256 1549 4346 viginti
1582 4282 1656 4330 octo

393 4389 449 4451 per
485 4369 642 4452 prefatum
679 4370 868 4432 Michaelem
915 4371 1007 4432 nobis
1050 4391 1105 4432 seu
1145 4374 1367 4434 communitati
1412 4387 1518 4435 nostre
1561 4375 1656 4455 plene

394 4477 475 4536 datis
499 4491 529 4536 et
553 4477 723 4557 persolutis
748 4492 778 4538 et
795 4499 850 4559 per
875 4499 933 4538 nos
957 4477 1111 4558 prefatam
1137 4480 1264 4540 missam
1299 4480 1467 4541 dicendam
1502 4499 1561 4562 pro
1586 4499 1657 4562 pre·

395 4582 487 4642 dictis
522 4595 649 4642 centum
684 4581 752 4644 flor.
785 4586 1013 4664 perpetualiter
1045 4585 1241 4646 instituimus
1273 4586 1515 4665 celebrandam,
1546 4587 1657 4646 vendi-

394 4690 500 4748 dimus
532 4703 561 4748 et
593 4690 805 4766 contulimus,
841 4691 939 4749 immo
973 4691 1012 4751 de
1044 4711 1202 4752 consensu
1234 4693 1413 4754 vicinorum
1439 4693 1655 4776 predictorum

395 4795 564 4855 vendimus
599 4809 630 4855 et
663 4793 858 4855 conferimus
894 4796 961 4874 jure
1001 4813 1157 4878 perpetuo
1195 4813 1225 4860 et
1261 4799 1512 4862 irrevocabiliter
1547 4814 1656 4860 tenen·

396 4900 480 4978 dam,
505 4901 731 4981 possidendam
757 4903 873 4984 pariter
898 4917 928 4964 et
953 4903 1133 4965 habendam
1159 4925 1194 4966 ac
1218 4905 1303 4983 juxta
1329 4907 1553 4969 condicionem
1580 4906 1656 4966 civi·

395 5007 467 5067 tatis
502 5020 666 5088 prenotate
702 5009 741 5069 ab
777 5011 910 5091 antiquo
947 5011 1190 5092 privilegialiter
1228 5015 1437 5094 approbatam
1475 5012 1656 5096 quomodo·
