3810 5806
518 1582 646 1681 (Anno
673 1581 830 1672 Domini
858 1581 1230 1684 mocooomvtt

253 1922 342 1999 ltem
376 1944 471 1998 anno
501 1919 644 1997 Domini
671 1907 858 1996 millesimo
889 1921 1244 2022 quadringentesimo
1266 1922 1520 2022 octuagesimo

254 2055 372 2142 sexto,
409 2055 575 2146 tempore
600 2044 781 2144 judicatus
811 2045 925 2122 Blasii
963 2044 1022 2121 filii
1061 2045 1228 2122 Lazarini
1266 2047 1428 2123 moderni
1464 2045 1519 2146 ju-

256 2172 358 2262 dicis,
389 2193 540 2273 presens
573 2169 762 2246 katernum
800 2179 858 2246 est
895 2170 1028 2246 lactum
1067 2169 1159 2246 feria
1195 2171 1318 2271 quinta
1346 2171 1381 2246 in
1422 2170 1519 2248 festo

583 2293 851 2371 Purificaeionis
880 2295 1028 2394 virginis
1057 2293 1184 2371 Marie.

761 2520 802 2584 (2.
819 2508 995 2584 februarii).

357 2667 435 2730 Item
461 2666 549 2749 quod
574 2667 650 2748 quia
672 2667 817 2730 vendidit
835 2667 1010 2751 Dyonisius
1033 2683 1135 2730 sartor
1152 2667 1278 2752 pridem
1296 2668 1418 2748 juratus
1434 2667 1519 2730 lilius

252 2774 396 2856 Georgii,
421 2773 563 2836 concivis
588 2787 707 2852 noster,
733 2775 896 2856 quandam
922 2775 1056 2836 domum
1082 2795 1173 2837 suam
1196 2774 1294 2836 simul
1318 2794 1391 2836 cum
1416 2773 1518 2836 fundo

250 2895 281 2944 et
303 2881 422 2943 celario
446 2881 657 2943 subterraneo
683 2895 714 2941 et
738 2879 940 2942 edificiorum
967 2881 1000 2942 in
1035 2881 1118 2944 dicta
1143 2882 1271 2944 civitate
1296 2881 1379 2944 inter
1403 2880 1518 2943 domos

252 3001 283 3051 et
305 2987 423 3049 lundos
446 2987 590 3049 virorum
618 2987 831 3070 providorum
865 3001 896 3050 et
929 2988 1139 3050 honestorum
1171 2989 1326 3051 Johannis
1351 2989 1516 3066 institoris,

250 3095 340 3156 aliter
353 3095 456 3156 Janko
481 3093 596 3173 dictus,
621 3095 660 3156 ab
678 3113 752 3174 una,
775 3094 926 3156 videlicet
942 3095 1147 3158 meridionali
1165 3108 1265 3176 perte,
1292 3108 1323 3156 et
1348 3094 1515 3156 Bartholo-

250 3201 313 3263 mei
339 3200 493 3262 institoris
516 3199 668 3262 videlicet
691 3201 945 3283 septemtrionali
979 3215 1068 3284 parte
1102 3201 1244 3264 habitam
1270 3215 1300 3263 et
1326 3201 1515 3263 existentem

251 3309 378 3372 Simoni
402 3309 516 3370 sartori
541 3307 609 3371 filio
628 3309 712 3370 Petri
730 3308 770 3370 de
788 3308 971 3390 Oporowcz
996 3329 1054 3392 pro
1078 3308 1323 3391 quatuordecim
1350 3308 1420 3371 flor.
1438 3309 1517 3387 auri,

250 3429 284 3478 ut
309 3415 372 3477 iam
395 3415 484 3499 priua
508 3429 540 3478 et
563 3415 628 3477 iam
653 3415 779 3477 concivi
804 3429 925 3478 nostru.

355 3521 433 3584 ltem
459 3521 547 3603 quod
564 3535 751 3585 executores
775 3522 955 3586 testamenti
974 3521 1082 3584 relicte
1100 3521 1238 3583 condam
1264 3521 1420 3584 Anthonii
1437 3523 1515 3585 olim

252 3628 377 3710 judicis,
401 3628 552 3691 videlicet
575 3629 727 3711 magister
745 3627 927 3712 Stephanus
944 3628 1120 3689 canonicus
1144 3627 1277 3690 ecclesie
1302 3629 1517 3708 zagrabiensis

251 3755 376 3798 necnon
408 3735 565 3818 plebanus
596 3736 728 3798 ecclesie
753 3736 854 3798 sancti
880 3734 1013 3812 Marchi‚
1046 3755 1081 3797 ac
1111 3734 1224 3796 Simon
1247 3746 1349 3796 sartor
1373 3748 1404 3797 et
1428 3735 1512 3797 Mar·

250 3843 334 3904 tinus
360 3843 556 3906 Dwmuwicz
586 3843 801 3905 vendiderunt
822 3843 957 3904 domum
975 3842 1074 3925 ipsius
1099 3840 1236 3904 condam
1261 3841 1394 3904 domine
1412 3841 1513 3904 Elene

252 3948 428 4011 Villhelmo
452 3948 519 4012 lilio
535 3949 668 4012 Roberti
688 3949 726 4010 de
745 3949 866 4032 Scocya
884 3968 942 4032 pro
960 3947 1173 4030 quadraginta
1191 3947 1272 4028 lion,
1289 3948 1371 4010 inter
1399 3949 1515 4010 domos

254 4069 284 4118 et
309 4054 427 4117 lundus
462 4055 628 4118 Michaelis
662 4055 754 4136 jurati
789 4056 887 4118 nostri
920 4055 1068 4117 moderni
1099 4053 1157 4116 filii
1189 4053 1327 4116 condam
1352 4055 1515 4116 Valentini

253 4161 416 4246 Saronych
442 4162 529 4242 dicti,
554 4165 594 4224 ab
620 4159 767 4225 orientali
785 4177 886 4246 parte,
910 4163 950 4224 ab
967 4161 1161 4224 occidentali
1186 4175 1294 4223 autem
1312 4175 1400 4243 parte
1417 4181 1516 4242 penes

251 4267 386 4330 lundum
412 4283 442 4330 et
465 4270 601 4331 domum
619 4269 877 4332 condicionalem
896 4289 952 4330 seu
969 4268 1153 4330 censualem
1170 4267 1292 4350 capelle
1306 4268 1398 4329 beate
1416 4267 1515 4329 Marie

252 4375 384 4457 virginis
408 4395 510 4458 prope
534 4375 708 4458 pallacium
734 4375 817 4456 regis
842 4374 984 4436 habitam
1007 4388 1038 4436 et
1062 4374 1259 4435 existentem.

355 4482 433 4544 ltem
460 4482 548 4565 quod
573 4483 650 4564 quia
674 4482 890 4544 vendiderunt
914 4481 1027 4559 Lucas,
1059 4479 1206 4542 Thomas
1229 4479 1286 4563 (et)
1313 4479 1513 4561 Margaretha

251 4587 309 4650 filii
334 4589 439 4650 Kirini
465 4589 633 4674 Wkanycz
658 4589 746 4668 dicti,
778 4588 857 4650 olim
889 4589 1032 4651 concivis
1056 4587 1166 4666 nostri,
1199 4607 1235 4649 ac
1259 4586 1406 4670 Mathyas
1430 4585 1515 4648 lilius

250 4695 386 4756 condam
405 4696 549 4759 mulieris
568 4697 654 4757 Rosa
672 4710 793 4773 vocate,
819 4694 966 4774 carnalis,
984 4693 1135 4756 videlicet
1158 4694 1300 4756 sororius
1317 4691 1514 4776 prefatorum

250 4803 345 4882 Luce,
371 4801 501 4865 Thome
525 4803 581 4885 (et)
607 4802 819 4884 Margarethe,
854 4801 1018 4883 quandam
1051 4814 1167 4862 terram
1192 4801 1336 4882 ipsorum
1360 4799 1514 4861 arabilem

251 4929 303 4971 sex
327 4909 430 4972 dietas
454 4911 486 4972 in
511 4929 543 4971 se
568 4910 800 4987 continentem,
826 4910 857 4970 in
883 4927 997 4989 campo
1016 4921 1125 4968 nostro
1150 4907 1232 4968 inter
1256 4921 1354 4968 terras
1379 4906 1515 4967 arabiles

252 5037 268 5077 a
292 5031 380 5101 parte
405 5017 553 5079 orientali
578 5036 677 5099 penes
700 5032 818 5081 terram
853 5013 1006 5078 arabilem
1039 5013 1201 5080 colendini
1227 5033 1283 5078 seu
1307 5011 1514 5079 confraterni-
