3810 5806
392 593 431 654 50
921 571 1007 630 Anno
1031 564 1126 648 1484.

389 803 477 872 parte
509 801 616 850 autem
649 785 853 848 meridionali
880 803 978 866 penes
1011 783 1096 844 viam
1130 801 1347 858 communem,
1383 801 1401 842 a
1431 797 1519 863 parte
1544 797 1652 843 autem

389 893 644 978 septemtrionali
668 912 766 975 penes
790 889 928 953 lundum
961 889 1072 972 prelati
1100 888 1253 970 Stephani
1287 888 1404 949 literati
1428 901 1459 949 et
1482 888 1598 970 partim
1623 902 1654 948 et

391 1003 422 1064 in
448 1002 576 1063 modica
594 1001 771 1082 quantitate
789 1018 887 1081 penes
905 996 1040 1059 fundum
1059 997 1166 1057 altaris
1194 995 1294 1057 sancti
1313 994 1437 1056 Nicolai
1463 995 1496 1056 in
1521 995 1655 1056 ecclesia

389 1122 494 1171 nostra
520 1107 655 1186 lundati,
677 1106 745 1188 jure
770 1120 927 1188 perpetuo
953 1118 983 1166 et
1010 1102 1273 1164 irrevocabiliter.

496 1219 590 1275 Anno
622 1213 837 1296 suprascripto
870 1212 901 1272 in
934 1209 1013 1272 festo
1047 1208 1312 1272 Circumcisionis
1347 1208 1490 1288 Domini,
1522 1207 1657 1290 provida

391 1321 522 1383 domina
548 1321 662 1381 Vtsula
688 1319 797 1380 relicta
830 1317 967 1381 condam
1001 1316 1156 1378 Johannis
1191 1315 1289 1376 Pazar
1320 1314 1511 1376 auctoritate
1534 1333 1656 1375 succes-

388 1429 473 1490 soria
497 1425 610 1509 prelati
636 1425 791 1487 Johannis
815 1425 915 1485 Pazar
939 1423 1079 1485 condam
1113 1422 1219 1484 mariti
1243 1421 1292 1482 sui
1317 1421 1464 1482 vendidit
1492 1421 1656 1482 vilhelmo

389 1532 457 1594 filio
482 1533 615 1594 Roberti
641 1532 680 1593 de
706 1531 829 1610 Scocia,
853 1531 899 1591 uti
924 1543 1034 1592 nostro
1058 1527 1308 1606 novmconcivi,
1333 1526 1495 1608 quandam
1522 1527 1656 1588 domum

389 1660 479 1702 suam
504 1653 661 1702 muratam
687 1659 760 1701 cum
793 1638 895 1700 fundo
926 1653 957 1700 et
993 1638 1079 1700 curia
1114 1657 1150 1699 ac
1187 1635 1322 1698 edificiis
1355 1637 1386 1697 in
1420 1637 1504 1697 dicta
1529 1636 1657 1698 civitate

389 1761 497 1808 nostra
521 1766 619 1830 penes
644 1746 778 1806 domum
797 1759 955 1806 muratam
980 1744 1203 1826 circumspecti
1221 1742 1378 1805 Johannis
1395 1741 1451 1804 filii
1477 1743 1656 1805 Sebastiani

391 1853 541 1916 Soldinar
565 1851 712 1915 moderni
737 1851 853 1932 judicis
878 1865 909 1913 et
935 1851 1076 1912 concivis
1110 1851 1221 1928 nostri,
1245 1870 1261 1911 a
1287 1863 1376 1932 parte
1400 1869 1477 1911 vero
1502 1850 1651 1912 occiden-

390 1962 445 2022 tali
471 1974 501 2021 et
525 1958 778 2042 septemtrionali
804 1977 902 2040 penes
934 1957 1071 2019 fundum
1104 1957 1264 2019 desertum
1292 1957 1439 2040 Dyonisii
1464 1969 1496 2018 et
1521 1955 1656 2018 Fabiani

393 2067 555 2148 Sipchich,
580 2087 597 2127 a
623 2079 710 2147 parte
736 2084 812 2126 vero
843 2065 991 2125 orientali
1024 2083 1121 2146 penes
1153 2065 1237 2124 viam
1270 2083 1477 2125 communem
1503 2083 1566 2144 qua
1592 2063 1655 2124 itur

389 2173 429 2234 ad
454 2191 584 2254 parvam
610 2169 814 2252 porticulum,
839 2169 1091 2230 irrevocabiliter
1114 2169 1299 2232 tenendam.

498 2284 595 2340 Anno
618 2277 834 2360 suprascripto
868 2278 899 2338 in
938 2276 1019 2339 lesto
1044 2277 1128 2338 beati
1153 2277 1320 2338 Vincencii
1352 2276 1501 2354 martiris,
1526 2275 1653 2358 providi

391 2386 515 2447 Blasius
531 2385 676 2446 Lazarini
691 2385 797 2445 senior
814 2383 909 2466 judex
931 2404 967 2445 ac
985 2384 1098 2446 Simon
1122 2396 1234 2462 sartor,
1267 2385 1415 2445 concives
1439 2383 1550 2462 nostri,
1577 2402 1650 2444 auc·

390 2493 516 2554 toritate
533 2491 714 2553 testamenti
739 2491 845 2572 scripti
870 2490 1008 2551 condam
1026 2491 1152 2552 Nicolai
1177 2491 1317 2570 sartoris,
1341 2490 1476 2552 senioris
1500 2489 1593 2571 jurati
1620 2503 1651 2551 et

392 2600 533 2663 concivis
557 2600 668 2677 nostri,
696 2599 853 2660 dederunt
881 2613 911 2660 et
935 2599 1141 2661 contulerunt
1169 2599 1332 2680 quandam
1364 2615 1479 2661 terram
1505 2598 1650 2661 eiusdem

390 2707 551 2769 testatoris
575 2720 698 2786 septem
722 2705 773 2766 vel
798 2705 874 2766 citra
899 2719 953 2766 aut
977 2706 1049 2786 plus
1085 2705 1185 2767 dietas
1210 2706 1241 2766 in
1275 2726 1306 2766 se
1330 2706 1564 2784 continentem,
1588 2719 1651 2766 tres

390 2812 540 2874 videlicet
564 2811 700 2873 arabiles
724 2825 754 2872 et
773 2826 910 2892 quatuor
921 2810 1037 2890 lenilis,
1047 2812 1169 2873 Jacobo
1188 2809 1255 2872 lilio
1280 2811 1378 2873 Vlrici
1404 2810 1444 2872 de
1470 2811 1556 2872 Flicz
1582 2829 1648 2871 mo-

391 2919 492 2980 derno
516 2918 619 3000 jurato
645 2931 676 2978 et
699 2918 823 2978 concivi
843 2932 962 2996 nostr0,
987 2919 1046 2979 sub
1070 2917 1279 2999 sequentibus
1296 2918 1448 2980 clausulis
1472 2932 1503 2979 et
1526 2917 1651 2998 obliga·

391 3026 544 3104 minibus,
567 3024 691 3106 primo:
717 3023 804 3105 quod
831 3024 917 3085 idem
942 3025 1079 3086 lacobus
1103 3039 1134 3086 et
1162 3044 1360 3086 successores
1385 3024 1529 3086 eiusdem
1555 3023 1655 3105 ipsius

390 3147 471 3194 terte
497 3147 527 3192 et
550 3130 658 3192 lenilis
675 3150 873 3212 possessores
890 3133 982 3192 annis
1000 3131 1162 3213 perpetuis
1179 3151 1214 3192 ac
1240 3131 1355 3193 luturis
1372 3151 1497 3212 semper
1522 3131 1553 3192 in
1572 3129 1653 3192 sesto

393 3238 476 3300 beati
507 3237 632 3299 Nicolai
667 3236 836 3318 (episcopi)
869 3251 898 3298 et
931 3236 1121 3298 confessoris
1154 3257 1218 3299 non
1253 3237 1516 3319 pretermittendo
1548 3237 1652 3318 ipsum

392 3345 478 3406 diem
503 3358 565 3404 tres
589 3357 620 3404 ct
645 3343 785 3404 mediam
810 3341 915 3404 luntas
940 3363 1010 3405 cere
1033 3344 1239 3405 candelarum
1258 3357 1440 3426 paratarum
1466 3362 1538 3404 cum
1564 3362 1652 3404 men·

391 3471 463 3512 sura
488 3451 640 3512 cambuce
665 3449 763 3530 vulgo
789 3451 886 3532 kyecz
919 3451 959 3511 ad
993 3451 1223 3511 monasterium
1258 3450 1496 3511 Heremitarum
1522 3449 1553 3510 in
1579 3468 1652 3530 pro·

392 3559 555 3620 montorio
572 3557 770 3637 zagrabiensi
788 3555 922 3618 fundato
940 3557 1015 3618 dare
1037 3572 1068 3618 et
1084 3557 1317 3619 amministrare
1334 3557 1465 3618 debebit
1488 3570 1518 3618 et
1541 3569 1652 3617 tenen·

391 3678 452 3742 tur,
485 3664 614 3745 insuper
645 3664 669 3723 si
695 3663 869 3745 predictam
894 3683 998 3724 ceram
1031 3664 1062 3724 in
1095 3665 1165 3746 ipso
1189 3662 1269 3726 lesto
1303 3664 1378 3726 date
1403 3683 1468 3725 non
1495 3675 1652 3741 curarent,

392 3785 506 3831 extunc
540 3770 578 3830 de
611 3770 812 3852 possessione
844 3770 987 3830 eiusdem
1020 3770 1233 3832 destituantur
1265 3784 1296 3832 et
1327 3769 1442 3832 cadant
1474 3789 1512 3831 eo
1549 3768 1652 3846 facto;

392 3877 521 3958 insuper
545 3876 569 3936 si
596 3875 732 3937 eandem
756 3889 872 3937 terram
898 3889 928 3937 et
952 3875 1048 3937 fenile
1073 3897 1090 3937 a
1114 3895 1146 3937 se
1171 3876 1334 3938 voluerint
1358 3876 1509 3952 alienare,
1534 3890 1650 3936 extunc

395 4002 467 4044 tum
492 4003 650 4044 consensu
675 3982 914 4044 communitatis
939 3997 1044 4044 nostre
1070 4003 1105 4044 ac
1137 3982 1334 4066 prelatorum
1359 3981 1493 4044 fratrum
1518 3983 1578 4044 boc
1602 3981 1646 4042 l·

393 4109 462 4150 cere
482 4090 609 4150 valeant
627 4105 656 4150 et
674 4109 739 4151 non
764 4089 854 4150 alteri
879 4104 1029 4150 extraneo
1054 4090 1114 4150 nisi
1141 4104 1249 4151 nostro
1274 4090 1409 4168 concivi,
1434 4089 1458 4149 si
1474 4103 1581 4151 autem
1607 4089 1651 4149 al-

393 4197 451 4256 teri
470 4211 619 4256 extraneo
644 4196 718 4256 dare
744 4196 915 4274 voluerint,
940 4211 1055 4257 extunc
1075 4216 1171 4278 super
1195 4197 1330 4258 eandem
1355 4211 1471 4257 terram
1495 4209 1527 4258 et
1551 4173 1677 4256 fenile'

392 4302 515 4362 nullam
540 4300 654 4362 habeat
678 4301 873 4365 facultatem.

498 4412 593 4468 Anno
612 4408 743 4469 Domini
761 4410 935 4471 millesimo
953 4409 1272 4490 quadringentesimo
1290 4409 1509 4491 octuagesimo
1527 4424 1653 4490 quarm,

391 4515 423 4575 in
448 4513 528 4575 festo
554 4515 636 4575 beati
663 4515 751 4576 Pauli
770 4516 864 4597 primi
891 4515 1066 4592 Heremite,
1094 4515 1254 4578 Dorotbea
1281 4514 1345 4576 filia
1372 4516 1496 4577 Nicolai
1523 4514 1651 4597 Rosych

392 4620 431 4681 de
457 4621 592 4699 Achiua,
626 4622 767 4682 concivis
802 4636 920 4700 nostra,
952 4621 1097 4682 vendidit
1129 4622 1222 4682 civile
1254 4641 1348 4682 suum
1378 4641 1434 4683 seu
1459 4620 1594 4683 lundum
1621 4621 1651 4681 in

391 4727 517 4788 civitate
543 4741 649 4789 nostra
676 4729 756 4789 inter
781 4729 896 4789 domos
920 4743 951 4790 et
975 4726 1092 4789 luridos
1110 4729 1247 4789 condam
1274 4729 1450 4789 liberorum
1476 4743 1507 4790 et
1530 4747 1653 4789 succes-

390 4853 499 4894 sorum
538 4832 627 4895 Gaan
666 4833 822 4916 pellificis,
856 4855 872 4895 a
909 4834 1135 4912 meridionali,
1168 4854 1203 4895 ac
1238 4834 1320 4896 inter
1353 4835 1488 4895 domum
1520 4833 1653 4916 provide

392 4939 592 5020 Margatcthe
619 4940 806 5001 Marisnicza
832 4941 926 5016 dicte,
951 4961 968 5001 a
992 4941 1257 5021 septemtrionali,
1284 4940 1435 5002 videlicet
1459 4941 1651 5002 anteriorem

392 5059 513 5127 partem
540 5046 641 5106 tocius
666 5045 756 5106 fundi
781 5065 839 5128 pro
864 5067 929 5108 uno
954 5045 1023 5109 flor.
1049 5059 1079 5107 et
1110 5047 1221 5126 viginti
1248 5047 1360 5108 solidis
1384 5047 1520 5108 Nicolao
1544 5066 1655 5129 sporar
