3840 5800
409 530 473 592 280
976 527 1124 586 Rationes.

514 741 592 804 Item
623 739 708 803 lwan
742 739 897 801 Horwath
930 739 1079 800 miseram
1118 737 1200 797 cIrca
1233 735 1413 798 Iohannem
1447 737 1601 799 Horwatb
1631 738 1672 798 ad

412 847 528 930 Okych
553 860 584 908 et
615 847 800 923 owowcz,
824 843 899 906 dedi
924 843 1028 904 eidem
1050 861 1204 924 expensas
1221 890 1227 903 .
1247 890 1279 904 ..
1305 841 1353 902 sol
1388 839 1486 905 XXV.

515 953 638 1015 Ibidem
663 951 852 1032 Zagrabiam
877 949 1031 1032 tripartite
1056 961 1210 1010 venerant
1241 949 1410 1010 recordare
1434 949 1538 1030 ipsum
1565 949 1670 1011 domi·

410 1080 487 1122 num
512 1059 745 1121 waradiensem
769 1055 920 1119 videlicet
943 1053 1131 1137 procedens,
1155 1054 1294 1116 scolares
1318 1069 1349 1116 et
1372 1069 1552 1132 succentor,
1576 1067 1606 1116 et
1630 1075 1669 1115 ne

409 1187 466 1250 per
490 1165 620 1228 eosdem
646 1165 713 1246 ipse
745 1163 897 1225 dominus
930 1161 1150 1243 impediretur,
1182 1159 1258 1222 dedi
1282 1161 1314 1222 iu
1345 1172 1415 1223 toto
1444 1161 1670 1224 omnibus...

409 1271 468 1335 sol.
494 1269 572 1335 LVI.

513 1376 593 1438 Item
617 1376 649 1436 In
674 1375 783 1437 eundo
807 1393 879 1436 cum
904 1374 975 1457 ipso
1007 1375 1142 1436 domino
1167 1373 1356 1436 waradiensi
1388 1387 1419 1434 et
1443 1373 1476 1434 in
1501 1372 1668 1434 reduendo

408 1503 467 1566 pro
488 1495 556 1546 tota
580 1480 703 1544 familia
729 1483 797 1544 eius
821 1481 931 1562 etqui
956 1499 1081 1542 mecum
1107 1478 1238 1542 luerunt
1261 1479 1292 1540 iu
1317 1478 1402 1540 vado
1426 1479 1514 1540 Zawi
1538 1479 1672 1542 solvi...

408 1589 466 1653 sol.
495 1591 530 1652 L.

513 1692 591 1756 Item
626 1693 775 1756 miseram
808 1691 988 1754 Iohannem
1019 1691 1058 1753 de
1090 1691 1269 1754 Zalathnolr
1300 1711 1373 1752 cum
1405 1689 1491 1754 Iwan
1516 1691 1672 1753 Horwath

409 1820 483 1863 cum
508 1820 603 1862 curru
625 1799 771 1862 eiusdem
795 1797 920 1860 domini
945 1797 1154 1860 waradiensis
1170 1817 1273 1880 usque
1298 1797 1509 1877 Modruaiam,
1533 1797 1609 1858 dedi
1626 1797 1671 1857 eis

408 1907 448 1968 ad
474 1925 698 1988 expensas...
731 1905 790 1969 sol.
813 1905 849 1968 L.

515 2011 548 2072 ln
573 2011 625 2072 die
650 2011 749 2072 sancti
775 2011 911 2092 Spiritus
935 2023 966 2071 et
997 2008 1076 2072 feria
1108 2010 1248 2072 secunda
1273 2023 1304 2072 et
1334 2011 1436 2072 eclam
1462 2011 1493 2072 in
1518 2010 1570 2072 via
1595 2009 1670 2071 dedi

408 2119 604 2200 pauperibus
627 2137 686 2200 pro
710 2117 959 2180 elemosina...
983 2117 1043 2181 sol.
1068 2113 1206 2181 XLVIII.

513 2223 592 2288 Item
617 2225 769 2308 magistro
794 2225 888 2286 Petro
905 2223 1107 2286 fenestrstori
1125 2224 1280 2306 Zagrabie
1297 2223 1371 2286 dedi
1398 2244 1456 2307 pro
1480 2224 1672 2286 serviciis...

409 2332 467 2396 sol.
499 2330 533 2396 1⁰.

515 2438 593 2500 Item
629 2438 662 2498 in
693 2437 891 2499 ambulando
928 2457 944 2498 a
970 2436 1116 2498 Dombro
1152 2455 1254 2517 usque
1287 2435 1461 2498 owowcz
1493 2449 1524 2497 et
1555 2435 1672 2496 deinde

410 2563 511 2626 usque
535 2544 576 2606 ad
600 2543 734 2605 domum
759 2543 800 2605 ad
822 2543 933 2605 viuum
959 2557 989 2604 et
1013 2543 1053 2604 ad
1084 2541 1147 2603 alia
1172 2542 1349 2603 necessaria
1374 2541 1588 2603 familiaribus
1611 2541 1668 2603 do-

411 2649 489 2711 mini
515 2650 547 2711 in
572 2649 623 2711 via
648 2650 853 2732 exposui...
877 2649 937 2714 sol.
962 2647 1010 2712 ll0.

514 2771 593 2835 Item
618 2771 698 2836 leria
728 2773 826 2835 tercia
859 2787 930 2856 post
960 2771 1076 2835 festum
1106 2771 1334 2834 Penthecostes
1358 2770 1497 2833 Chasnre
1522 2770 1671 2831 distribui

410 2879 606 2962 pauperibus
623 2928 629 2942 .
646 2929 652 2942 .
669 2929 676 2942 .
700 2879 760 2942 sol.
784 2877 861 2944 XIII.

514 2983 637 3047 Ibidem
660 2982 740 3048 seria
774 2997 886 3067 quarta
918 2985 981 3046 erni
1013 2985 1116 3066 pisces
1148 3003 1207 3066 pro
1239 3002 1350 3045 mensa
1374 2981 1589 3044 familiaribus
1614 2982 1672 3043 do-

410 3091 564 3155 mini...
589 3091 648 3153 sol.
672 3089 754 3155 XXI.

516 3196 642 3258 Eodem
667 3197 718 3258 die
742 3197 806 3258 cmi
823 3197 925 3278 pisces
948 3197 1050 3275 vivos,
1067 3215 1149 3278 quos
1170 3196 1242 3258 misi
1259 3197 1299 3258 ad
1317 3197 1472 3278 piscinam
1490 3215 1675 3278 parvam

411 3303 470 3367 sol.
492 3300 561 3367 XX.

515 3407 593 3472 Item
618 3410 693 3491 quia
719 3409 881 3472 Iohannes
904 3409 944 3469 de
970 3407 1149 3470 Gedrowcz
1174 3409 1214 3469 ad
1238 3409 1472 3471 attendendum
1496 3408 1674 3470 adventum

411 3515 536 3578 domini
561 3516 766 3578 waradiensis
790 3517 822 3578 in
846 3515 984 3598 propriis
1001 3515 1148 3598 expensis
1165 3514 1265 3596 ipsius
1283 3515 1480 3594 ambulabat,
1505 3515 1580 3577 ideo
1597 3515 1675 3577 dedi

412 3622 514 3685 ei...
538 3621 597 3683 sol.
621 3619 719 3685 XXV.

515 3725 594 3788 Item
618 3726 696 3790 feria
728 3741 815 3790 sexta
846 3739 920 3789 ante
953 3725 1069 3788 festum
1102 3739 1210 3789 sancte
1244 3727 1415 3790 Trinitatis
1437 3728 1546 3789 remisi
1571 3728 1674 3790 Bene·

411 3833 533 3894 dictum
559 3831 598 3893 de
623 3833 822 3895 Fodorowcz
846 3833 928 3895 circa
961 3833 1144 3913 dominum,
1169 3847 1199 3894 et
1222 3831 1263 3895 ad
1287 3853 1442 3916 expensas
1466 3833 1541 3896 dedi
1566 3835 1595 3896 ei
1614 3883 1620 3896 .
1642 3884 1674 3897 ..

410 3939 468 4003 sol.
491 3935 590 4001 XXV.

516 4043 595 4106 Item
621 4045 758 4106 Nicolao
782 4043 891 4124 surd0,
915 4045 1052 4126 agazoni
1086 4045 1223 4124 domini,
1255 4043 1329 4105 dedi
1355 4064 1413 4126 pro
1436 4045 1578 4106 serviciis
1602 4095 1609 4108 .
1636 4097 1642 4108 .
1670 4096 1676 4109 .

411 4150 471 4213 sol.
495 4147 562 4213 XL.

516 4254 595 4318 Item
620 4255 652 4317 in
669 4255 751 4318 festo
768 4269 875 4318 sancte
893 4257 1062 4318 Trinitatis
1079 4256 1227 4318 distribui
1244 4257 1441 4338 pauperibus
1458 4304 1465 4319 .
1482 4305 1488 4318 .
1505 4305 1512 4319 .
1535 4257 1594 4320 sol.
1609 4255 1676 4321 XII.

516 4360 594 4424 Item
619 4361 697 4424 feria
717 4353 870 4425 ¹secunda
901 4365 965 4425 erni
998 4363 1064 4424 duo
1092 4364 1172 4424 vitra
1204 4383 1321 4445 magna
1345 4381 1404 4446 pro
1428 4364 1578 4445 aquavite
1605 4414 1610 4426 .
1638 4414 1676 4428 ..

411 4467 470 4530 sol.
493 4467 544 4533 Vl.

517 4571 595 4636 Item
619 4574 694 4636 dedi
718 4575 758 4635 ad
782 4576 951 4637 emendam
975 4576 1072 4638 telam
1096 4596 1153 4659 pro
1166 4577 1240 4659 jopa
1259 4576 1411 4660 Stephani
1436 4577 1675 4643 bacalaureI...

411 4679 470 4744 sol.
493 4676 559 4744 XII.

515 4783 594 4848 Item
620 4785 697 4848 feria
720 4788 816 4849 tercia
836 4789 907 4849 misi
932 4790 1121 4870 Zagrabiam
1140 4790 1296 4872 lapicidas
1319 4805 1350 4851 et
1367 4791 1511 4853 Bernaba
1535 4791 1675 4873 lapicide

413 4893 512 4955 dedi.
531 4941 561 4955 ..
586 4893 644 4956 sol.
668 4892 714 4955 11⁶.

520 5000 621 5060 Paulo
646 5000 782 5080 lapicide
801 5049 807 5062 .
824 5049 854 5064 ..
877 5001 936 5063 sol.
958 4999 992 5064 1⁰.
