3842 5802
825 561 911 622 Anno
934 557 1028 640 1480.
1516 579 1558 643 43

300 774 462 836 territorio
487 785 596 835 nostro
622 772 804 836 Jelenowcz
830 773 912 834 inter
935 773 1045 835 vineas
1068 772 1207 834 desertas
1230 773 1366 836 condam
1393 774 1476 834 Petri
1501 775 1560 856 Zy-

295 878 411 940 douicz
436 899 473 942 ex
498 899 561 941 una
586 893 617 940 et
641 877 773 940 fratrum
804 879 904 940 sancti
936 879 1061 940 Nicolai
1095 897 1196 960 usque
1221 878 1391 941 decursum
1416 899 1499 961 aque
1524 899 1556 940 se

295 986 531 1048 extendentem.

398 1092 475 1153 Item
500 1091 643 1155 condam
656 1090 792 1154 Mathias
808 1103 920 1170 sartor,
938 1089 1082 1170 claudus,
1103 1091 1244 1154 concivis
1269 1105 1386 1171 noster,
1410 1091 1558 1154 vendidit

294 1198 428 1260 domum
452 1218 508 1260 seu
530 1197 625 1260 civile
649 1217 743 1260 suum
769 1197 895 1260 Simoni
920 1197 1032 1258 sartori
1057 1197 1182 1259 concivi
1207 1211 1327 1278 nostro,
1352 1197 1558 1260 medietatem

294 1303 455 1384 videlicet,
479 1323 538 1386 pro
562 1316 701 1386 quatuor
724 1303 793 1368 flor.
819 1317 850 1366 et
875 1319 1013 1384 quatuor
1041 1304 1147 1386 pensis
1171 1304 1377 1368 denariorum
1402 1306 1553 1368 viennen·

296 1411 391 1489 sium,
416 1410 512 1472 aliam
537 1410 742 1472 medietatem
768 1429 826 1492 pro
858 1410 988 1491 triginta
1020 1409 1159 1472 denariis
1190 1411 1428 1490 viennensibus,
1454 1413 1486 1473 in
1511 1413 1556 1474 vi-

297 1516 425 1578 cinitate
450 1515 613 1578 Valentini
639 1513 786 1598 pellificis
809 1515 926 1598 Ztoysa
962 1516 1051 1595 dicti,
1075 1517 1114 1578 ab
1147 1517 1385 1599 septemtrione,
1411 1531 1441 1578 et
1466 1517 1557 1598 Eme,

297 1622 351 1683 rici
375 1623 542 1704 selliparis,
566 1643 584 1684 a
610 1621 757 1700 meridie,
783 1641 855 1683 cum
873 1621 1008 1684 cisterna
1033 1635 1064 1684 et
1092 1623 1200 1684 cloaca
1218 1623 1251 1684 in
1276 1624 1426 1704 contigua
1449 1625 1560 1686 vicini·

292 1742 356 1790 tate
380 1727 472 1790 fundi
498 1743 528 1790 et
553 1729 640 1791 curie
664 1727 840 1790 liberorum
866 1727 1004 1790 condam
1028 1728 1183 1790 Johannis
1208 1729 1382 1792 Perowicz.

400 1834 477 1898 ltem
504 1835 701 1896 Laurencius
733 1832 817 1896 filius
842 1834 975 1916 Georgii
1007 1833 1153 1896 vendidit
1178 1833 1339 1916 quandam
1371 1835 1557 1918 porcionem

297 1941 457 2003 vinealem
484 1941 608 2003 Simoni
633 1941 757 2019 sartori,
782 1940 813 2002 in
839 1941 1002 2003 vicinitate
1034 1941 1177 2002 eiusdem
1204 1941 1346 2002 Simonis
1376 1942 1515 2020 sartoris,
1543 1963 1559 2004 a

297 2047 547 2128 septemtrione,
582 2067 599 2108 a
635 2059 723 2128 parte
758 2059 865 2108 autem
899 2045 1102 2108 meridionali
1136 2066 1235 2128 penes
1267 2047 1394 2108 vineam
1430 2047 1555 2108 domini

298 2152 446 2234 Gregorii
471 2152 601 2234 plebani
625 2151 725 2213 sancti
750 2151 878 2213 Martini
904 2172 962 2233 pro
987 2151 1098 2214 decern
1122 2151 1192 2214 flor.
1216 2167 1247 2214 et
1271 2154 1414 2234 quinque
1448 2155 1556 2236 pensis

297 2259 536 2321 viennensibus.

400 2365 477 2427 ltem
500 2365 602 2427 Elena
626 2365 735 2427 relicta
760 2364 880 2426 Mathis
904 2365 1089 2428 Scroboticz
1111 2365 1257 2428 vendidit
1280 2365 1486 2428 medietatem
1512 2367 1554 2428 ci·

294 2471 369 2532 vilis
393 2486 423 2534 et
447 2471 538 2533 fundi
562 2472 611 2533 sui
636 2472 668 2533 in
686 2473 758 2534 vico
782 2485 927 2534 sutorum
945 2473 1027 2534 inter
1056 2471 1192 2535 fundum
1211 2473 1293 2534 Petri
1320 2474 1557 2556 Bosyalrowecz

293 2599 310 2639 a
343 2577 581 2660 septemtrione,
613 2592 643 2639 et
675 2577 811 2640 fundum
845 2579 1005 2641 desertum
1036 2599 1054 2640 a
1086 2579 1290 2642 meridionali
1324 2579 1437 2662 (parte)
1463 2580 1556 2642 Petro

294 2704 406 2766 sporar
428 2698 460 2747 et
490 2704 545 2744 sue
578 2686 716 2746 consorti
742 2704 800 2767 pro
836 2686 937 2746 tribus
969 2685 1035 2748 flor.
1060 2687 1146 2762 auri;
1178 2686 1275 2747 aliam
1300 2701 1405 2747 autem
1432 2685 1551 2746 medie-

293 2805 391 2853 tatem
416 2791 588 2854 reservavit
613 2811 727 2873 prose
753 2793 816 2853 vita
841 2792 900 2854 sibi
919 2793 1048 2871 comite,
1066 2807 1137 2874 post
1162 2807 1297 2854 mortem
1324 2806 1431 2854 autern
1466 2812 1556 2854 suam

294 2917 355 2980 pro
378 2898 440 2959 alia
465 2898 636 2959 medietate
654 2897 784 2960 debebit
802 2899 888 2977 dare,
913 2913 1051 2979 quatuor
1068 2897 1137 2961 flor.
1155 2899 1235 2978 auri,
1261 2900 1453 2980 cuicumque
1487 2899 1554 2981 ipsa

294 3005 395 3066 Elena
420 3005 593 3086 legaverat,
617 3005 642 3065 si
667 3004 773 3066 adhuc
797 3006 828 3066 in
855 3005 918 3066 vita
941 3025 997 3067 sua
1022 3025 1087 3067 non
1113 3019 1285 3087 receperat.

402 3111 479 3172 ltem
511 3111 665 3194 providus
697 3111 843 3173 Thomas
876 3111 1066 3174 Horwathin
1095 3113 1202 3174 senior
1234 3111 1328 3194 judex
1361 3125 1392 3174 et
1416 3111 1559 3173 concivis

295 3232 403 3280 noster
427 3232 576 3280 executor
607 3218 788 3280 testamenti
830 3218 966 3280 verbalis
993 3219 1131 3280 condam
1158 3217 1310 3300 Stephani
1336 3217 1416 3279 fabri
1443 3218 1558 3280 Milecz

294 3323 370 3386 dicti
396 3337 426 3386 et
443 3325 550 3386 uxoris
575 3343 642 3403 sue,
673 3324 861 3386 auctoritate
878 3325 1303 3406 testamentarielegacionis
1327 3343 1405 3406 pure
1430 3338 1560 3406 propter

294 3429 390 3491 deum
416 3443 447 3492 et
470 3449 528 3513 pro
560 3431 729 3492 animabus
761 3430 978 3512 predictorum
1012 3430 1119 3508 dedit,
1150 3430 1269 3511 legavit
1301 3443 1331 3492 et
1355 3429 1557 3512 perpetuavit

293 3535 396 3597 Paulo
410 3535 500 3598 labro
514 3535 581 3598 filio
595 3536 732 3598 Emerici
748 3537 787 3597 de
802 3536 948 3598 Klokoch
962 3549 992 3598 et
1008 3537 1074 3598 suis
1087 3535 1258 3597 heredibus
1275 3549 1305 3597 et
1317 3536 1558 3618 posteritatibus

295 3641 452 3703 universis
475 3642 568 3703 civile
593 3655 624 3704 et
648 3641 784 3704 fundum
811 3643 953 3725 ipsorum
979 3643 1010 3704 in
1039 3643 1166 3706 civitate
1199 3658 1304 3705 nostra
1330 3643 1412 3705 inter
1436 3641 1554 3704 fundos

294 3769 311 3810 a
330 3761 416 3830 parte
434 3749 687 3830 septemtrionali
712 3750 874 3831 arcuparis
898 3751 996 3827 (deest)
1014 3763 1045 3810 et
1063 3749 1195 3831 provide
1219 3749 1363 3811 mulieris
1377 3749 1494 3811 Jelicza
1508 3769 1556 3810 re·

297 3853 372 3915 licte
386 3853 523 3914 condam
539 3853 705 3916 Michaelis
721 3853 867 3936 pellificis
888 3875 983 3936 supra
999 3875 1109 3916 versus
1123 3869 1247 3937 portam
1261 3857 1387 3916 Novam
1402 3855 1558 3918 habitum.

400 3958 477 4020 ltem
502 3958 665 4022 Johannes
689 3961 829 4041 agricola
854 3959 938 4022 filius
963 3960 1100 4022 condam
1127 3960 1307 4023 Clementis
1331 3962 1370 4023 de
1397 3962 1555 4045 bosyakO,

294 4064 459 4146 quandam
483 4065 610 4126 vineam
636 4085 726 4126 suam
748 4067 1006 4128 condicionalem
1025 4067 1056 4127 in
1081 4067 1242 4129 territorio
1262 4079 1371 4128 nostro
1396 4067 1560 4128 condicio·

294 4172 361 4234 nali
387 4172 469 4234 inter
493 4173 620 4234 vineam
646 4171 769 4234 domini
796 4173 949 4255 Stephani
972 4174 1138 4255 presbiteri
1165 4173 1368 4255 prebendarii
1393 4173 1561 4255 hospitalis

295 4281 387 4340 beate
413 4279 514 4341 Maris
539 4279 671 4360 virginis
696 4280 728 4340 in
754 4280 880 4342 civitate
905 4293 1013 4342 nostra
1037 4279 1172 4358 fundati,
1197 4301 1215 4342 a
1240 4294 1328 4362 parte
1353 4279 1559 4341 meridionali

294 4385 457 4446 mediante
483 4383 602 4447 fossato
626 4405 682 4447 seu
699 4401 806 4448 meatu
824 4407 907 4468 aque
924 4386 1086 4468 pluvialis,
1103 4406 1139 4448 ac
1157 4388 1239 4448 inter
1258 4387 1386 4448 vineam
1405 4386 1561 4447 Anthonii

293 4491 412 4552 sutoris
437 4493 544 4574 Segyn
562 4494 677 4571 vocati,
694 4513 711 4553 a
728 4493 982 4574 septemtrionali
1000 4507 1099 4574 parte,
1122 4513 1177 4574 per
1202 4507 1320 4553 metam
1347 4492 1560 4574 quarumdam

293 4597 429 4658 duarum
456 4599 606 4659 arborum
632 4618 723 4659 cruce
741 4599 936 4679 signatarum
955 4599 1050 4660 unius
1074 4599 1194 4660 scilicet
1218 4599 1348 4659 sorbelli
1374 4599 1406 4658 in
1431 4597 1562 4661 fossato,

294 4704 436 4786 ipsarum
461 4703 628 4765 vinearum
654 4705 963 4766 circumvicinalium
993 4724 1091 4786 penes
1123 4706 1208 4765 viam
1234 4723 1441 4765 communem
1466 4724 1562 4786 supe-

293 4810 413 4872 riorem
436 4809 495 4872 site
519 4823 550 4871 et
573 4810 704 4872 alterius
727 4810 833 4872 salicis
856 4809 1041 4874 inferiorem
1060 4830 1159 4893 prope
1185 4811 1269 4872 viam
1295 4809 1481 4872 inferiorem
1508 4809 1562 4872 ha·

294 4917 371 4996 bite,
395 4937 452 5000 per
476 4931 593 4979 metam
627 4917 707 4980 inter
741 4918 868 4979 easdem
903 4917 983 4978 duas
1015 4919 1144 4980 arbores
1176 4931 1207 4980 et
1238 4917 1320 4980 inter
1352 4917 1433 4979 vites
1466 4917 1561 4979 inter-

297 5023 459 5088 mediante
485 5024 525 5088 de
550 5043 612 5086 una
635 5027 785 5086 arborum
818 5024 1033 5106 predictarum
1066 5024 1105 5088 ad
1130 5023 1226 5088 aliam
1245 5037 1328 5088 recte
1354 5023 1562 5108 procedendo
