3840 5800
374 769 452 832 Item
477 773 540 834 emi
565 771 662 833 telam
689 791 727 833 ex
759 789 822 852 qua
854 769 914 832 feci
946 772 1102 835 mensalia
1127 771 1167 833 ad
1200 785 1349 850 castrum,
1374 784 1406 836 et
1429 773 1531 835 eciam

268 894 327 956 pro
351 876 545 957 quibusdam
570 876 712 958 jopulis.
733 927 737 936 .
758 925 764 939 .
788 877 848 942 sol.
875 876 910 938 I.

372 979 451 1045 Item
474 982 552 1045 seria
583 982 726 1046 secunda
759 997 832 1065 post
864 982 980 1046 festum
1014 983 1188 1048 Scolastice
1221 986 1284 1048 emi
1310 985 1461 1048 candelas
1484 1005 1533 1047 se-

269 1107 346 1170 peas
363 1138 371 1154 .
390 1139 422 1154 ..
452 1089 511 1154 sol.
534 1087 600 1154 XII.

374 1194 453 1258 Item
485 1194 563 1258 feria
595 1209 707 1278 quarta
738 1209 813 1259 ante
837 1195 953 1260 festum
985 1197 1148 1260 Valentini
1181 1199 1252 1260 misi
1277 1199 1397 1261 Lucam
1422 1219 1531 1262 versus

272 1301 412 1385 Gewreg
429 1317 461 1366 et
484 1304 589 1366 eidem
614 1303 688 1366 dedi
710 1304 750 1365 ad
768 1323 924 1386 expensas
943 1355 949 1366 .
968 1353 1000 1367 ..
1025 1306 1085 1370 sol.
1109 1303 1164 1369 XII

372 1407 449 1472 Item
475 1411 508 1471 in
532 1408 613 1473 festo
636 1408 800 1472 ValentIni
833 1411 904 1472 misi
939 1411 1149 1473 Benedictum
1181 1412 1343 1475 literatum
1368 1413 1450 1474 circa
1474 1411 1530 1474 do·

268 1515 392 1576 minum
417 1530 449 1578 et
472 1516 547 1579 dedi
572 1517 664 1578 eiad
690 1536 919 1598 expensas...
945 1518 1002 1582 sol.
1027 1515 1117 1580 I⁰VII.

371 1621 449 1684 Item
474 1621 554 1686 feria
577 1623 718 1685 secunda
736 1623 767 1684 in
787 1623 1006 1705 Carnisprivio
1031 1625 1095 1686 emi
1112 1624 1254 1686 butirum
1270 1623 1310 1685 ad
1336 1637 1531 1688 castrum...

266 1730 325 1793 sol.
349 1728 414 1794 ΧΗ.

371 1836 450 1900 Item
474 1836 552 1898 feria
576 1837 675 1898 tercia
696 1837 728 1897 in
747 1834 969 1919 Carnisprivio
994 1837 1065 1898 misi
1084 1837 1220 1899 Paulum
1245 1836 1456 1899 castellanum
1472 1855 1531 1919 pro

269 1943 445 2004 aducendis
468 1940 656 2005 hominibus
687 1943 783 2023 regiis
814 1942 854 2004 ad
882 1942 1038 2024 quasdam
1072 1943 1313 2026 inquisitiones,
1337 1942 1413 2004 dedi
1437 1942 1466 2003 ei
1491 1940 1530 2002 ad

269 2066 497 2129 expensas...
521 2049 579 2110 sol.
605 2048 641 2110 L.
737 2079 741 2088 ·

371 2152 449 2216 Item
474 2155 590 2216 eodem
623 2153 676 2216 die
701 2153 772 2214 misi
799 2154 919 2216 Lucam
944 2156 1133 2237 Zagrablam
1167 2174 1225 2236 pro
1249 2154 1442 2216 adducendo
1467 2153 1528 2215 Ca-

267 2261 371 2343 pitulo
396 2265 471 2326 dedi
495 2265 522 2325 ei
541 2265 583 2326 ad
602 2285 780 2348 expensas.
799 2316 805 2328 .
825 2316 830 2328 .
856 2267 914 2330 sol.
937 2265 1019 2328 XVI.

371 2367 449 2432 Item
474 2368 553 2431 feria
578 2369 718 2453 (quarta)
736 2373 767 2432 iu
785 2371 837 2433 die
861 2373 1005 2433 cinerum
1029 2370 1100 2431 misi
1127 2369 1307 2430 Iohannem
1340 2367 1528 2452 Gederoczy

267 2475 349 2536 circa
364 2475 532 2537 dominum
548 2477 864 2539 Reverendissimum
889 2492 919 2538 et
943 2477 983 2538 ad
1002 2496 1156 2558 expensas
1180 2474 1254 2537 dedi
1280 2475 1382 2538 ei...
1407 2475 1466 2537 sol.
1492 2475 1526 2539 L.

373 2582 446 2643 Emi
469 2583 573 2664 pisces
597 2583 636 2644 ad
662 2583 818 2647 Gemlech
836 2634 843 2647 .
863 2634 869 2646 .
890 2636 894 2646 .
919 2583 978 2648 sol.
1003 2583 1072 2646 XL.

371 2688 422 2750 Ad
447 2686 557 2772 Garyg
582 2690 645 2750 emi
670 2691 761 2772 piper
786 2705 817 2752 et
845 2709 974 2752 crocum
993 2736 1000 2751 .
1019 2737 1051 2752 ..
1076 2690 1134 2750 sol.
1162 2688 1225 2760 10L.

370 2793 448 2856 Item
474 2793 551 2856 feria
577 2796 688 2878 quinta
723 2797 797 2858 dedi
830 2795 936 2874 Petro,
969 2795 1009 2858 de
1033 2808 1139 2857 sancta
1172 2794 1286 2869 Cruce‚
1311 2791 1443 2875 pellifici
1467 2813 1526 2877 pro

265 2899 431 2963 laboribus
454 2903 683 2984 preteritis...
709 2904 768 2966 sol.
792 2903 829 2966 Ie.

370 3007 443 3068 Emi
467 3009 570 3090 pisces
594 3008 633 3069 ad
660 3006 815 3071 Gemlech
834 3057 840 3069 .
860 3056 891 3071 ..
917 3008 977 3070 sol.
1003 3004 1131 3071 XXVII.

370 3113 494 3176 Eodem
513 3114 564 3175 die
578 3115 650 3175 misi
669 3116 787 3176 Lucam
803 3135 874 3176 cum
889 3115 1019 3176 homIne
1038 3114 1126 3194 regio
1143 3112 1295 3196 profacto
1308 3113 1521 3196 quarumdam

265 3219 518 3300 inquisIcionum
537 3221 618 3282 circa
644 3219 884 3298 Crachinowcz,
902 3220 988 3282 etad
1013 3239 1168 3301 expensas
1191 3218 1264 3281 dedi
1291 3219 1340 3281 ei.
1361 3267 1368 3282 .
1388 3218 1466 3281 ‚sol
1486 3219 1521 3281 L.

372 3326 449 3388 Item
475 3326 590 3389 eodem
615 3328 667 3388 die
700 3329 772 3389 misi
797 3328 926 3388 Petrum
959 3346 1031 3387 cum
1057 3325 1233 3407 Capitulis:
1265 3325 1465 3407 zagrabiensi
1489 3337 1520 3386 et

265 3432 443 3494 chasmensi
462 3446 577 3495 etcum
592 3433 778 3496 hominibus
801 3434 899 3516 regiis
923 3433 962 3494 ad
987 3431 1212 3494 executionem
1232 3431 1468 3514 inquisitoriam
1493 3445 1524 3492 et

264 3539 365 3600 eciam
389 3540 590 3621 Zagrabiam,
615 3539 689 3600 dedi
715 3541 743 3601 ei
768 3541 807 3600 ad
833 3557 1062 3622 expensas...
1087 3538 1135 3600 sol
1170 3537 1233 3600 I0L.

370 3645 449 3708 Item
468 3666 525 3727 pro
544 3647 753 3708 babatacione
771 3647 846 3727 equi
865 3645 960 3706 unius
984 3644 1103 3706 nobilis
1118 3643 1260 3706 bominis
1275 3643 1354 3724 regii
1372 3643 1446 3706 dedi
1465 3691 1472 3705 .
1491 3689 1523 3705 ..

263 3753 321 3817 sol.
344 3751 409 3815 VII.

369 3857 446 3920 Item
472 3859 566 3920 Petro
591 3857 766 3936 Mikcbecz‚
791 3857 846 3939 qui
871 3857 904 3918 in
936 3855 1075 3939 quadam
1102 3855 1316 3938 inquisicione
1341 3852 1402 3916 luit
1425 3853 1525 3916 homo

263 3965 380 4046 regius,
404 3964 553 4028 dedi...
577 3964 636 4028 sol.
662 3964 696 4044 Ie·

368 4071 531 4152 Stephano
556 4071 596 4132 de
620 4071 743 4132 Rawen
768 4090 825 4153 pro
849 4069 946 4132 simili
971 4068 1055 4132 facto
1073 4117 1079 4132 .
1097 4116 1127 4131 ..
1153 4068 1210 4132 sol.
1235 4067 1269 4131 1⁶.

370 4177 506 4238 Belloni
531 4175 630 4258 judici
656 4177 893 4240 nobilium
918 4176 977 4240 sol.
1002 4175 1042 4239 X.

366 4282 443 4346 Item
468 4281 546 4344 feria
571 4295 657 4344 sexta
686 4297 759 4344 ante
790 4281 964 4360 Invocavit‚
983 4281 1056 4342 dedi
1083 4280 1247 4362 Stephano
1271 4299 1350 4342 coco
1374 4278 1523 4344 castri...

262 4390 321 4452 sol.
346 4391 413 4454 XL.

368 4496 439 4558 Misi
465 4496 567 4578 pisces
591 4495 631 4556 ad
657 4493 767 4577 Garyg
784 4543 790 4557 .
808 4543 838 4558 ..
864 4495 923 4559 sol.
948 4493 1025 4559 LVI.

367 4603 444 4664 Item
468 4602 583 4664 eodem
609 4602 661 4664 die
685 4603 725 4664 ad
751 4601 907 4664 Gemlech
932 4601 995 4663 emi
1020 4601 1198 4683 pisces...
1222 4599 1281 4662 sol.
1306 4595 1477 4660 XXXVIII.

365 4707 444 4771 Item
470 4709 690 4770 indominica
729 4707 904 4786 Invocavit‚
939 4708 979 4769 ab
1012 4706 1200 4768 hominibus
1224 4705 1264 4766 de
1289 4703 1433 4786 Zyschan
1460 4703 1523 4764 emi

262 4816 388 4897 pisces.
410 4865 437 4877 ..
470 4815 528 4876 sol.
555 4813 647 4876 LIIII.

366 4923 444 4985 Item
470 4922 601 5004 quando
626 4920 800 4982 familiares
825 4920 948 4980 domini
972 4932 1126 4981 venerant
1159 4917 1197 4978 de
1223 4915 1373 4994 exercitu,
1397 4927 1428 4977 et
1451 4933 1521 4997 pre·

261 5043 346 5091 terea
372 5030 473 5092 eciam
498 5029 572 5090 dedi
598 5029 718 5090 Jacobo
743 5025 921 5108 Pergatycb
940 5075 946 5088 .
966 5073 997 5088 ..
1021 5025 1079 5088 sol.
1105 5023 1167 5087 III⁰.

1420 5111 1456 5172 18
