<?xml version="1.0" encoding="UTF-8"?>
<!DOCTYPE html PUBLIC "-//W3C//DTD XHTML 1.0 Transitional//EN"
    "http://www.w3.org/TR/xhtml1/DTD/xhtml1-transitional.dtd">
<html xmlns="http://www.w3.org/1999/xhtml" xml:lang="en" lang="en">
 <head>
  <title>
</title>
<meta http-equiv="Content-Type" content="text/html;charset=utf-8" />
  <meta name='ocr-system' content='tesseract 3.04.00' />
  <meta name='ocr-capabilities' content='ocr_page ocr_carea ocr_par ocr_line ocrx_word'/>
</head>
<body>
  <div class='ocr_page' id='page_1' title='image "./monumentahistor19laszgoog_0196.png"; bbox 0 0 3810 5806; ppageno 0'>
   <div class='ocr_carea' id='block_1_1' title="bbox 418 535 1144 616">
    <p class='ocr_par' dir='ltr' id='par_1_1' title="bbox 418 535 1144 616">
     <span class='ocr_line' id='line_1_1' title="bbox 418 535 1144 616; baseline 0.001 -20"><span class='ocrx_word' id='word_1_1' title='bbox 418 555 479 616; x_wconf 85' lang='lat'>¹44</span> <span class='ocrx_word' id='word_1_2' title='bbox 960 535 1144 597; x_wconf 79' lang='lat' dir='ltr'>Inventaria.</span> 
     </span>
    </p>
   </div>
   <div class='ocr_carea' id='block_1_2' title="bbox 412 747 1677 1045">
    <p class='ocr_par' dir='ltr' id='par_1_2' title="bbox 412 747 1677 1045">
     <span class='ocr_line' id='line_1_2' title="bbox 414 747 1676 831; baseline 0.002 -23"><span class='ocrx_word' id='word_1_3' title='bbox 414 748 597 810; x_wconf 87' lang='lat' dir='ltr'>diceionum</span> <span class='ocrx_word' id='word_1_4' title='bbox 623 748 654 809; x_wconf 89' lang='lat' dir='ltr'>in</span> <span class='ocrx_word' id='word_1_5' title='bbox 681 747 875 829; x_wconf 86' lang='lat' dir='ltr'>Theologia,</span> <span class='ocrx_word' id='word_1_6' title='bbox 900 761 931 810; x_wconf 91' lang='lat' dir='ltr'>et</span> <span class='ocrx_word' id='word_1_7' title='bbox 958 748 1070 831; x_wconf 81' lang='lat' dir='ltr'>incipit</span> <span class='ocrx_word' id='word_1_8' title='bbox 1103 751 1134 811; x_wconf 92' lang='lat' dir='ltr'>in</span> <span class='ocrx_word' id='word_1_9' title='bbox 1167 751 1279 831; x_wconf 88' lang='lat' dir='ltr'>nigro:</span> <span class='ocrx_word' id='word_1_10' title='bbox 1315 751 1617 813; x_wconf 79' lang='lat' dir='ltr'>»Reverendissimo</span> <span class='ocrx_word' id='word_1_11' title='bbox 1644 751 1676 812; x_wconf 93' lang='lat' dir='ltr'>in</span> 
     </span>
     <span class='ocr_line' id='line_1_3' title="bbox 414 853 1677 939; baseline 0.002 -22"><span class='ocrx_word' id='word_1_12' title='bbox 414 854 543 918; x_wconf 86' lang='lat' dir='ltr'>Christo</span> <span class='ocrx_word' id='word_1_13' title='bbox 567 855 682 935; x_wconf 89' lang='lat' dir='ltr'>patri«,</span> <span class='ocrx_word' id='word_1_14' title='bbox 715 869 745 915; x_wconf 89' lang='lat' dir='ltr'>et</span> <span class='ocrx_word' id='word_1_15' title='bbox 779 853 810 915; x_wconf 92' lang='lat' dir='ltr'>in</span> <span class='ocrx_word' id='word_1_16' title='bbox 843 853 907 916; x_wconf 89' lang='lat' dir='ltr'>fine</span> <span class='ocrx_word' id='word_1_17' title='bbox 939 855 1014 916; x_wconf 90' lang='lat' dir='ltr'>libri</span> <span class='ocrx_word' id='word_1_18' title='bbox 1046 855 1143 918; x_wconf 89' lang='lat' dir='ltr'>habet</span> <span class='ocrx_word' id='word_1_19' title='bbox 1174 857 1313 939; x_wconf 89' lang='lat' dir='ltr'>capitula</span> <span class='ocrx_word' id='word_1_20' title='bbox 1346 871 1378 919; x_wconf 89' lang='lat' dir='ltr'>et</span> <span class='ocrx_word' id='word_1_21' title='bbox 1401 857 1512 919; x_wconf 91' lang='lat' dir='ltr'>titulos</span> <span class='ocrx_word' id='word_1_22' title='bbox 1534 857 1677 919; x_wconf 89' lang='lat' dir='ltr'>eiusdem</span> 
     </span>
     <span class='ocr_line' id='line_1_4' title="bbox 412 958 1308 1045; baseline 0.001 -22"><span class='ocrx_word' id='word_1_23' title='bbox 412 961 571 1044; x_wconf 85' lang='lat' dir='ltr'>opusculi,</span> <span class='ocrx_word' id='word_1_24' title='bbox 595 974 626 1023; x_wconf 93' lang='lat' dir='ltr'>et</span> <span class='ocrx_word' id='word_1_25' title='bbox 650 958 736 1022; x_wconf 90' lang='lat' dir='ltr'>finit:</span> <span class='ocrx_word' id='word_1_26' title='bbox 766 960 824 1022; x_wconf 75' lang='lat' dir='ltr'>&gt;ad</span> <span class='ocrx_word' id='word_1_27' title='bbox 847 962 1014 1024; x_wconf 81' lang='lat' dir='ltr'>accionem</span> <span class='ocrx_word' id='word_1_28' title='bbox 1040 975 1071 1024; x_wconf 89' lang='lat' dir='ltr'>et</span> <span class='ocrx_word' id='word_1_29' title='bbox 1094 963 1308 1045; x_wconf 89' lang='lat' dir='ltr'>passionem«.</span> 
     </span>
    </p>
   </div>
   <div class='ocr_carea' id='block_1_3' title="bbox 473 1154 1613 1237">
    <p class='ocr_par' dir='ltr' id='par_1_3' title="bbox 473 1154 1613 1237">
     <span class='ocr_line' id='line_1_5' title="bbox 473 1154 1613 1237; baseline -0.002 -19"><span class='ocrx_word' id='word_1_30' title='bbox 473 1155 678 1237; x_wconf 88' lang='lat' dir='ltr'>Sequitur</span> <span class='ocrx_word' id='word_1_31' title='bbox 702 1154 992 1218; x_wconf 79' lang='lat' dir='ltr'>inventarium</span> <span class='ocrx_word' id='word_1_32' title='bbox 1026 1157 1238 1218; x_wconf 90' lang='lat' dir='ltr'>librorum</span> <span class='ocrx_word' id='word_1_33' title='bbox 1270 1155 1378 1236; x_wconf 90' lang='lat' dir='ltr'>juris</span> <span class='ocrx_word' id='word_1_34' title='bbox 1402 1157 1613 1218; x_wconf 90' lang='lat' dir='ltr'>canonici.</span> 
     </span>
    </p>
   </div>
   <div class='ocr_carea' id='block_1_4' title="bbox 410 1297 1704 4676">
    <p class='ocr_par' dir='ltr' id='par_1_4' title="bbox 410 1297 1674 1699">
     <span class='ocr_line' id='line_1_6' title="bbox 519 1297 1673 1381; baseline 0.001 -23"><span class='ocrx_word' id='word_1_35' title='bbox 519 1297 626 1359; x_wconf 88' lang='lat' dir='ltr'>Primo</span> <span class='ocrx_word' id='word_1_36' title='bbox 653 1317 735 1358; x_wconf 89' lang='lat' dir='ltr'>unus</span> <span class='ocrx_word' id='word_1_37' title='bbox 759 1298 840 1358; x_wconf 92' lang='lat' dir='ltr'>liber</span> <span class='ocrx_word' id='word_1_38' title='bbox 863 1297 1085 1378; x_wconf 86' lang='lat' dir='ltr'>Decretorum,</span> <span class='ocrx_word' id='word_1_39' title='bbox 1108 1315 1279 1381; x_wconf 91' lang='lat' dir='ltr'>coopertus</span> <span class='ocrx_word' id='word_1_40' title='bbox 1296 1318 1368 1360; x_wconf 90' lang='lat' dir='ltr'>cum</span> <span class='ocrx_word' id='word_1_41' title='bbox 1393 1319 1489 1362; x_wconf 93' lang='lat' dir='ltr'>coreo</span> <span class='ocrx_word' id='word_1_42' title='bbox 1514 1299 1554 1360; x_wconf 92' lang='lat' dir='ltr'>ad</span> <span class='ocrx_word' id='word_1_43' title='bbox 1579 1301 1673 1360; x_wconf 90' lang='lat' dir='ltr'>rube-</span> 
     </span>
     <span class='ocr_line' id='line_1_7' title="bbox 414 1403 1674 1487; baseline 0.001 -23"><span class='ocrx_word' id='word_1_44' title='bbox 414 1403 522 1464; x_wconf 89' lang='lat' dir='ltr'>dinem</span> <span class='ocrx_word' id='word_1_45' title='bbox 547 1403 750 1482; x_wconf 87' lang='lat' dir='ltr'>tendente,et</span> <span class='ocrx_word' id='word_1_46' title='bbox 777 1404 891 1486; x_wconf 89' lang='lat' dir='ltr'>incipit</span> <span class='ocrx_word' id='word_1_47' title='bbox 913 1405 944 1466; x_wconf 93' lang='lat' dir='ltr'>in</span> <span class='ocrx_word' id='word_1_48' title='bbox 970 1405 1113 1467; x_wconf 81' lang='lat' dir='ltr'>rubrica:</span> <span class='ocrx_word' id='word_1_49' title='bbox 1143 1404 1275 1487; x_wconf 81' lang='lat' dir='ltr'>»Incipit</span> <span class='ocrx_word' id='word_1_50' title='bbox 1291 1405 1464 1466; x_wconf 90' lang='lat' dir='ltr'>concordia</span> <span class='ocrx_word' id='word_1_51' title='bbox 1489 1405 1674 1467; x_wconf 89' lang='lat' dir='ltr'>discordan-</span> 
     </span>
     <span class='ocr_line' id='line_1_8' title="bbox 410 1507 1671 1592; baseline -0.002 -20"><span class='ocrx_word' id='word_1_52' title='bbox 410 1511 495 1572; x_wconf 90' lang='lat' dir='ltr'>cium</span> <span class='ocrx_word' id='word_1_53' title='bbox 519 1529 712 1586; x_wconf 85' lang='lat' dir='ltr'>canonum«,</span> <span class='ocrx_word' id='word_1_54' title='bbox 744 1523 776 1572; x_wconf 92' lang='lat' dir='ltr'>et</span> <span class='ocrx_word' id='word_1_55' title='bbox 800 1511 831 1571; x_wconf 94' lang='lat' dir='ltr'>in</span> <span class='ocrx_word' id='word_1_56' title='bbox 854 1507 917 1572; x_wconf 86' lang='lat' dir='ltr'>fine</span> <span class='ocrx_word' id='word_1_57' title='bbox 940 1511 1043 1592; x_wconf 92' lang='lat' dir='ltr'>prime</span> <span class='ocrx_word' id='word_1_58' title='bbox 1067 1511 1183 1592; x_wconf 81' lang='lat' dir='ltr'>pagine</span> <span class='ocrx_word' id='word_1_59' title='bbox 1200 1511 1332 1573; x_wconf 90' lang='lat' dir='ltr'>secundi</span> <span class='ocrx_word' id='word_1_60' title='bbox 1357 1509 1424 1573; x_wconf 83' lang='lat' dir='ltr'>folii</span> <span class='ocrx_word' id='word_1_61' title='bbox 1452 1509 1541 1573; x_wconf 90' lang='lat' dir='ltr'>finit:</span> <span class='ocrx_word' id='word_1_62' title='bbox 1563 1511 1671 1592; x_wconf 74' lang='lat' dir='ltr'>»quod</span> 
     </span>
     <span class='ocr_line' id='line_1_9' title="bbox 412 1614 1668 1699; baseline 0.005 -22"><span class='ocrx_word' id='word_1_63' title='bbox 412 1616 533 1677; x_wconf 88' lang='lat' dir='ltr'>malum</span> <span class='ocrx_word' id='word_1_64' title='bbox 557 1631 636 1694; x_wconf 88' lang='lat' dir='ltr'>est«,</span> <span class='ocrx_word' id='word_1_65' title='bbox 660 1629 690 1676; x_wconf 91' lang='lat' dir='ltr'>et</span> <span class='ocrx_word' id='word_1_66' title='bbox 707 1617 738 1675; x_wconf 94' lang='lat' dir='ltr'>in</span> <span class='ocrx_word' id='word_1_67' title='bbox 764 1614 826 1677; x_wconf 89' lang='lat' dir='ltr'>fine</span> <span class='ocrx_word' id='word_1_68' title='bbox 851 1616 923 1677; x_wconf 91' lang='lat' dir='ltr'>libri</span> <span class='ocrx_word' id='word_1_69' title='bbox 948 1614 1035 1678; x_wconf 92' lang='lat' dir='ltr'>finit:</span> <span class='ocrx_word' id='word_1_70' title='bbox 1053 1617 1159 1698; x_wconf 81' lang='lat' dir='ltr'>»quod</span> <span class='ocrx_word' id='word_1_71' title='bbox 1185 1618 1294 1678; x_wconf 88' lang='lat' dir='ltr'>vident</span> <span class='ocrx_word' id='word_1_72' title='bbox 1319 1631 1440 1699; x_wconf 92' lang='lat' dir='ltr'>patrem</span> <span class='ocrx_word' id='word_1_73' title='bbox 1466 1616 1668 1682; x_wconf 79' lang='lat' dir='ltr'>facientem«.</span> 
     </span>
    </p>

    <p class='ocr_par' dir='ltr' id='par_1_5' title="bbox 411 1721 1676 2122">
     <span class='ocr_line' id='line_1_10' title="bbox 518 1721 1670 1805; baseline 0 -21"><span class='ocrx_word' id='word_1_74' title='bbox 518 1721 596 1784; x_wconf 92' lang='lat' dir='ltr'>ltem</span> <span class='ocrx_word' id='word_1_75' title='bbox 621 1741 722 1782; x_wconf 92' lang='lat' dir='ltr'>unum</span> <span class='ocrx_word' id='word_1_76' title='bbox 747 1721 846 1783; x_wconf 94' lang='lat' dir='ltr'>alium</span> <span class='ocrx_word' id='word_1_77' title='bbox 872 1721 1042 1784; x_wconf 88' lang='lat' dir='ltr'>Decretum</span> <span class='ocrx_word' id='word_1_78' title='bbox 1068 1723 1264 1784; x_wconf 90' lang='lat' dir='ltr'>admodum</span> <span class='ocrx_word' id='word_1_79' title='bbox 1289 1724 1470 1805; x_wconf 87' lang='lat' dir='ltr'>antiquum,</span> <span class='ocrx_word' id='word_1_80' title='bbox 1495 1722 1616 1784; x_wconf 90' lang='lat' dir='ltr'>habens</span> <span class='ocrx_word' id='word_1_81' title='bbox 1639 1723 1670 1784; x_wconf 94' lang='lat' dir='ltr'>in</span> 
     </span>
     <span class='ocr_line' id='line_1_11' title="bbox 411 1828 1676 1911; baseline 0.001 -22"><span class='ocrx_word' id='word_1_82' title='bbox 411 1828 571 1911; x_wconf 91' lang='lat' dir='ltr'>principio</span> <span class='ocrx_word' id='word_1_83' title='bbox 595 1829 724 1890; x_wconf 88' lang='lat' dir='ltr'>arbores</span> <span class='ocrx_word' id='word_1_84' title='bbox 747 1829 1060 1910; x_wconf 87' lang='lat' dir='ltr'>consangwineitatis</span> <span class='ocrx_word' id='word_1_85' title='bbox 1085 1843 1116 1891; x_wconf 93' lang='lat' dir='ltr'>et</span> <span class='ocrx_word' id='word_1_86' title='bbox 1133 1828 1305 1907; x_wconf 84' lang='lat' dir='ltr'>affinitatis,</span> <span class='ocrx_word' id='word_1_87' title='bbox 1322 1843 1354 1891; x_wconf 89' lang='lat' dir='ltr'>et</span> <span class='ocrx_word' id='word_1_88' title='bbox 1376 1829 1504 1911; x_wconf 89' lang='lat' dir='ltr'>incipit:</span> <span class='ocrx_word' id='word_1_89' title='bbox 1536 1829 1676 1890; x_wconf 89' lang='lat' dir='ltr'>›Huma-</span> 
     </span>
     <span class='ocr_line' id='line_1_12' title="bbox 411 1933 1670 2016; baseline -0.001 -20"><span class='ocrx_word' id='word_1_90' title='bbox 411 1954 491 1996; x_wconf 91' lang='lat' dir='ltr'>num</span> <span class='ocrx_word' id='word_1_91' title='bbox 517 1953 651 2016; x_wconf 83' lang='lat' dir='ltr'>genus«,</span> <span class='ocrx_word' id='word_1_92' title='bbox 675 1949 706 1996; x_wconf 95' lang='lat' dir='ltr'>et</span> <span class='ocrx_word' id='word_1_93' title='bbox 729 1934 761 1995; x_wconf 94' lang='lat' dir='ltr'>in</span> <span class='ocrx_word' id='word_1_94' title='bbox 786 1933 848 1996; x_wconf 88' lang='lat' dir='ltr'>fine</span> <span class='ocrx_word' id='word_1_95' title='bbox 865 1936 966 2016; x_wconf 89' lang='lat' dir='ltr'>prime</span> <span class='ocrx_word' id='word_1_96' title='bbox 987 1935 1101 2016; x_wconf 83' lang='lat' dir='ltr'>pagine</span> <span class='ocrx_word' id='word_1_97' title='bbox 1119 1936 1250 1997; x_wconf 87' lang='lat' dir='ltr'>secundi</span> <span class='ocrx_word' id='word_1_98' title='bbox 1269 1934 1337 1997; x_wconf 87' lang='lat' dir='ltr'>folii</span> <span class='ocrx_word' id='word_1_99' title='bbox 1355 1935 1441 1998; x_wconf 81' lang='lat' dir='ltr'>finit:</span> <span class='ocrx_word' id='word_1_100' title='bbox 1470 1936 1557 1996; x_wconf 76' lang='lat' dir='ltr'>»sine</span> <span class='ocrx_word' id='word_1_101' title='bbox 1576 1935 1670 2016; x_wconf 87' lang='lat' dir='ltr'>culpa</span> 
     </span>
     <span class='ocr_line' id='line_1_13' title="bbox 415 2038 1672 2122; baseline -0.002 -21"><span class='ocrx_word' id='word_1_102' title='bbox 415 2041 648 2114; x_wconf 76' lang='lat' dir='ltr'>comedimus«,</span> <span class='ocrx_word' id='word_1_103' title='bbox 666 2054 696 2101; x_wconf 92' lang='lat' dir='ltr'>et</span> <span class='ocrx_word' id='word_1_104' title='bbox 720 2041 751 2100; x_wconf 97' lang='lat' dir='ltr'>in</span> <span class='ocrx_word' id='word_1_105' title='bbox 769 2038 832 2102; x_wconf 91' lang='lat' dir='ltr'>fine</span> <span class='ocrx_word' id='word_1_106' title='bbox 849 2040 921 2101; x_wconf 90' lang='lat' dir='ltr'>libri</span> <span class='ocrx_word' id='word_1_107' title='bbox 945 2039 1030 2104; x_wconf 90' lang='lat' dir='ltr'>finit:</span> <span class='ocrx_word' id='word_1_108' title='bbox 1049 2041 1156 2122; x_wconf 81' lang='lat' dir='ltr'>»quod</span> <span class='ocrx_word' id='word_1_109' title='bbox 1182 2041 1297 2103; x_wconf 85' lang='lat' dir='ltr'>viderit</span> <span class='ocrx_word' id='word_1_110' title='bbox 1321 2055 1443 2122; x_wconf 88' lang='lat' dir='ltr'>patrem</span> <span class='ocrx_word' id='word_1_111' title='bbox 1469 2040 1672 2102; x_wconf 82' lang='lat' dir='ltr'>facientem«.</span> 
     </span>
    </p>

    <p class='ocr_par' dir='ltr' id='par_1_6' title="bbox 412 2145 1677 2550">
     <span class='ocr_line' id='line_1_14' title="bbox 518 2145 1672 2228; baseline 0.001 -22"><span class='ocrx_word' id='word_1_112' title='bbox 518 2146 594 2208; x_wconf 87' lang='lat' dir='ltr'>Item</span> <span class='ocrx_word' id='word_1_113' title='bbox 609 2165 708 2208; x_wconf 94' lang='lat' dir='ltr'>unum</span> <span class='ocrx_word' id='word_1_114' title='bbox 727 2146 814 2207; x_wconf 88' lang='lat' dir='ltr'>aliud</span> <span class='ocrx_word' id='word_1_115' title='bbox 828 2145 999 2208; x_wconf 90' lang='lat' dir='ltr'>Decretum</span> <span class='ocrx_word' id='word_1_116' title='bbox 1012 2148 1159 2209; x_wconf 88' lang='lat' dir='ltr'>similiter</span> <span class='ocrx_word' id='word_1_117' title='bbox 1177 2149 1215 2208; x_wconf 92' lang='lat' dir='ltr'>ad</span> <span class='ocrx_word' id='word_1_118' title='bbox 1234 2147 1368 2209; x_wconf 89' lang='lat' dir='ltr'>modurn</span> <span class='ocrx_word' id='word_1_119' title='bbox 1382 2147 1562 2228; x_wconf 88' lang='lat' dir='ltr'>antiquum,</span> <span class='ocrx_word' id='word_1_120' title='bbox 1577 2161 1606 2208; x_wconf 91' lang='lat' dir='ltr'>et</span> <span class='ocrx_word' id='word_1_121' title='bbox 1618 2146 1672 2207; x_wconf 91' lang='lat' dir='ltr'>ha·</span> 
     </span>
     <span class='ocr_line' id='line_1_15' title="bbox 412 2253 1671 2336; baseline -0.003 -22"><span class='ocrx_word' id='word_1_122' title='bbox 412 2255 465 2315; x_wconf 92' lang='lat' dir='ltr'>bet</span> <span class='ocrx_word' id='word_1_123' title='bbox 488 2254 521 2314; x_wconf 92' lang='lat' dir='ltr'>in</span> <span class='ocrx_word' id='word_1_124' title='bbox 546 2253 704 2335; x_wconf 90' lang='lat' dir='ltr'>principio</span> <span class='ocrx_word' id='word_1_125' title='bbox 728 2273 824 2335; x_wconf 87' lang='lat' dir='ltr'>super</span> <span class='ocrx_word' id='word_1_126' title='bbox 846 2253 953 2334; x_wconf 79' lang='lat' dir='ltr'>glosas</span> <span class='ocrx_word' id='word_1_127' title='bbox 977 2254 1016 2315; x_wconf 88' lang='lat' dir='ltr'>de</span> <span class='ocrx_word' id='word_1_128' title='bbox 1034 2254 1134 2316; x_wconf 89' lang='lat' dir='ltr'>literis</span> <span class='ocrx_word' id='word_1_129' title='bbox 1160 2255 1405 2336; x_wconf 87' lang='lat' dir='ltr'>capitularibus:</span> <span class='ocrx_word' id='word_1_130' title='bbox 1436 2255 1559 2315; x_wconf 84' lang='lat' dir='ltr'>»Prima</span> <span class='ocrx_word' id='word_1_131' title='bbox 1582 2273 1671 2335; x_wconf 89' lang='lat' dir='ltr'>pars«</span> 
     </span>
     <span class='ocr_line' id='line_1_16' title="bbox 414 2359 1677 2443; baseline -0.001 -21"><span class='ocrx_word' id='word_1_132' title='bbox 414 2360 581 2443; x_wconf 88' lang='lat' dir='ltr'>scripturn,</span> <span class='ocrx_word' id='word_1_133' title='bbox 606 2359 686 2420; x_wconf 90' lang='lat' dir='ltr'>etin</span> <span class='ocrx_word' id='word_1_134' title='bbox 711 2359 772 2421; x_wconf 91' lang='lat' dir='ltr'>fine</span> <span class='ocrx_word' id='word_1_135' title='bbox 790 2360 893 2442; x_wconf 90' lang='lat' dir='ltr'>prime</span> <span class='ocrx_word' id='word_1_136' title='bbox 911 2361 1027 2442; x_wconf 84' lang='lat' dir='ltr'>pagine</span> <span class='ocrx_word' id='word_1_137' title='bbox 1051 2361 1183 2422; x_wconf 91' lang='lat' dir='ltr'>secundi</span> <span class='ocrx_word' id='word_1_138' title='bbox 1209 2360 1277 2422; x_wconf 89' lang='lat' dir='ltr'>lolii</span> <span class='ocrx_word' id='word_1_139' title='bbox 1302 2360 1389 2426; x_wconf 91' lang='lat' dir='ltr'>finit:</span> <span class='ocrx_word' id='word_1_140' title='bbox 1418 2381 1497 2441; x_wconf 83' lang='lat' dir='ltr'>»que</span> <span class='ocrx_word' id='word_1_141' title='bbox 1515 2375 1677 2422; x_wconf 88' lang='lat' dir='ltr'>menstrua</span> 
     </span>
     <span class='ocr_line' id='line_1_17' title="bbox 412 2463 1674 2550; baseline -0.003 -22"><span class='ocrx_word' id='word_1_142' title='bbox 412 2480 611 2528; x_wconf 89' lang='lat' dir='ltr'>menstruum</span> <span class='ocrx_word' id='word_1_143' title='bbox 622 2466 773 2548; x_wconf 88' lang='lat' dir='ltr'>patitur«,</span> <span class='ocrx_word' id='word_1_144' title='bbox 783 2481 813 2526; x_wconf 93' lang='lat' dir='ltr'>et</span> <span class='ocrx_word' id='word_1_145' title='bbox 823 2464 1063 2529; x_wconf 89' lang='lat' dir='ltr'>similiterfinit:</span> <span class='ocrx_word' id='word_1_146' title='bbox 1078 2467 1310 2548; x_wconf 63' lang='lat' dir='ltr'>›quotlviderit</span> <span class='ocrx_word' id='word_1_147' title='bbox 1324 2482 1443 2550; x_wconf 88' lang='lat' dir='ltr'>patrem</span> <span class='ocrx_word' id='word_1_148' title='bbox 1456 2463 1674 2528; x_wconf 80' lang='lat' dir='ltr'>facientem«.¹</span> 
     </span>
    </p>

    <p class='ocr_par' dir='ltr' id='par_1_7' title="bbox 412 2571 1674 2973">
     <span class='ocr_line' id='line_1_18' title="bbox 518 2571 1674 2649; baseline -0.002 -15"><span class='ocrx_word' id='word_1_149' title='bbox 518 2571 595 2634; x_wconf 86' lang='lat' dir='ltr'>ltem</span> <span class='ocrx_word' id='word_1_150' title='bbox 620 2591 703 2634; x_wconf 89' lang='lat' dir='ltr'>unus</span> <span class='ocrx_word' id='word_1_151' title='bbox 726 2571 808 2633; x_wconf 86' lang='lat' dir='ltr'>liber</span> <span class='ocrx_word' id='word_1_152' title='bbox 833 2571 1049 2633; x_wconf 87' lang='lat' dir='ltr'>Decretalium</span> <span class='ocrx_word' id='word_1_153' title='bbox 1083 2571 1122 2633; x_wconf 90' lang='lat' dir='ltr'>ad</span> <span class='ocrx_word' id='word_1_154' title='bbox 1155 2571 1289 2634; x_wconf 89' lang='lat' dir='ltr'>modurn</span> <span class='ocrx_word' id='word_1_155' title='bbox 1322 2573 1544 2649; x_wconf 90' lang='lat' dir='ltr'>novissimum,</span> <span class='ocrx_word' id='word_1_156' title='bbox 1569 2586 1600 2634; x_wconf 89' lang='lat' dir='ltr'>et</span> <span class='ocrx_word' id='word_1_157' title='bbox 1627 2573 1674 2633; x_wconf 94' lang='lat' dir='ltr'>in·</span> 
     </span>
     <span class='ocr_line' id='line_1_19' title="bbox 412 2676 1674 2761; baseline -0.002 -21"><span class='ocrx_word' id='word_1_158' title='bbox 412 2679 506 2760; x_wconf 91' lang='lat' dir='ltr'>cipit:</span> <span class='ocrx_word' id='word_1_159' title='bbox 535 2677 731 2760; x_wconf 82' lang='lat' dir='ltr'>»Gregorius</span> <span class='ocrx_word' id='word_1_160' title='bbox 755 2679 956 2761; x_wconf 88' lang='lat' dir='ltr'>episcopus«,</span> <span class='ocrx_word' id='word_1_161' title='bbox 981 2678 1066 2739; x_wconf 91' lang='lat' dir='ltr'>etin</span> <span class='ocrx_word' id='word_1_162' title='bbox 1092 2676 1154 2740; x_wconf 90' lang='lat' dir='ltr'>fine</span> <span class='ocrx_word' id='word_1_163' title='bbox 1172 2679 1275 2760; x_wconf 87' lang='lat' dir='ltr'>prime</span> <span class='ocrx_word' id='word_1_164' title='bbox 1299 2679 1414 2759; x_wconf 86' lang='lat' dir='ltr'>pagine</span> <span class='ocrx_word' id='word_1_165' title='bbox 1432 2676 1519 2739; x_wconf 91' lang='lat' dir='ltr'>finit:</span> <span class='ocrx_word' id='word_1_166' title='bbox 1549 2697 1674 2760; x_wconf 82' lang='lat' dir='ltr'>»perso-</span> 
     </span>
     <span class='ocr_line' id='line_1_20' title="bbox 412 2777 1672 2869; baseline 0.001 -23"><span class='ocrx_word' id='word_1_167' title='bbox 412 2785 500 2846; x_wconf 91' lang='lat' dir='ltr'>nales</span> <span class='ocrx_word' id='word_1_168' title='bbox 523 2777 774 2869; x_wconf 83' lang='lat' dir='ltr'>prdprihetates«</span> <span class='ocrx_word' id='word_1_169' title='bbox 811 2785 842 2845; x_wconf 93' lang='lat' dir='ltr'>in</span> <span class='ocrx_word' id='word_1_170' title='bbox 875 2798 973 2864; x_wconf 79' lang='lat' dir='ltr'>textu,</span> <span class='ocrx_word' id='word_1_171' title='bbox 1006 2801 1037 2846; x_wconf 89' lang='lat' dir='ltr'>er</span> <span class='ocrx_word' id='word_1_172' title='bbox 1068 2787 1100 2846; x_wconf 91' lang='lat' dir='ltr'>in</span> <span class='ocrx_word' id='word_1_173' title='bbox 1133 2782 1194 2847; x_wconf 87' lang='lat' dir='ltr'>fine</span> <span class='ocrx_word' id='word_1_174' title='bbox 1227 2783 1297 2846; x_wconf 91' lang='lat' dir='ltr'>finit</span> <span class='ocrx_word' id='word_1_175' title='bbox 1328 2784 1474 2845; x_wconf 90' lang='lat' dir='ltr'>similiter</span> <span class='ocrx_word' id='word_1_176' title='bbox 1510 2785 1541 2844; x_wconf 95' lang='lat' dir='ltr'>in</span> <span class='ocrx_word' id='word_1_177' title='bbox 1566 2797 1672 2847; x_wconf 84' lang='lat' dir='ltr'>textu:</span> 
     </span>
     <span class='ocr_line' id='line_1_21' title="bbox 416 2892 870 2973; baseline 0.009 -25"><span class='ocrx_word' id='word_1_178' title='bbox 416 2893 600 2973; x_wconf 77' lang='lat' dir='ltr'>»omagium</span> <span class='ocrx_word' id='word_1_179' title='bbox 626 2892 870 2973; x_wconf 87' lang='lat' dir='ltr'>compellatur«.</span> 
     </span>
    </p>

    <p class='ocr_par' dir='ltr' id='par_1_8' title="bbox 410 2996 1674 3505">
     <span class='ocr_line' id='line_1_22' title="bbox 517 2996 1674 3078; baseline 0 -20"><span class='ocrx_word' id='word_1_180' title='bbox 517 2997 595 3059; x_wconf 88' lang='lat' dir='ltr'>item</span> <span class='ocrx_word' id='word_1_181' title='bbox 620 3017 683 3059; x_wconf 90' lang='lat' dir='ltr'>una</span> <span class='ocrx_word' id='word_1_182' title='bbox 708 2997 769 3058; x_wconf 92' lang='lat' dir='ltr'>alia</span> <span class='ocrx_word' id='word_1_183' title='bbox 796 2997 970 3058; x_wconf 90' lang='lat' dir='ltr'>Decretalis</span> <span class='ocrx_word' id='word_1_184' title='bbox 986 2996 1134 3058; x_wconf 89' lang='lat' dir='ltr'>similiter</span> <span class='ocrx_word' id='word_1_185' title='bbox 1151 2997 1191 3058; x_wconf 88' lang='lat' dir='ltr'>ad</span> <span class='ocrx_word' id='word_1_186' title='bbox 1216 2998 1349 3058; x_wconf 93' lang='lat' dir='ltr'>modum</span> <span class='ocrx_word' id='word_1_187' title='bbox 1368 2996 1594 3074; x_wconf 87' lang='lat' dir='ltr'>novissimum,</span> <span class='ocrx_word' id='word_1_188' title='bbox 1612 3016 1674 3078; x_wconf 90' lang='lat' dir='ltr'>que</span> 
     </span>
     <span class='ocr_line' id='line_1_23' title="bbox 411 3103 1673 3188; baseline -0.001 -22"><span class='ocrx_word' id='word_1_189' title='bbox 411 3117 458 3166; x_wconf 91' lang='lat' dir='ltr'>est</span> <span class='ocrx_word' id='word_1_190' title='bbox 491 3117 640 3188; x_wconf 91' lang='lat' dir='ltr'>corrupta</span> <span class='ocrx_word' id='word_1_191' title='bbox 671 3103 861 3165; x_wconf 86' lang='lat' dir='ltr'>humiditate</span> <span class='ocrx_word' id='word_1_192' title='bbox 894 3104 925 3164; x_wconf 93' lang='lat' dir='ltr'>in</span> <span class='ocrx_word' id='word_1_193' title='bbox 958 3103 1141 3165; x_wconf 90' lang='lat' dir='ltr'>summitate</span> <span class='ocrx_word' id='word_1_194' title='bbox 1173 3103 1265 3181; x_wconf 83' lang='lat' dir='ltr'>libri,</span> <span class='ocrx_word' id='word_1_195' title='bbox 1304 3117 1335 3164; x_wconf 90' lang='lat' dir='ltr'>et</span> <span class='ocrx_word' id='word_1_196' title='bbox 1367 3103 1480 3184; x_wconf 91' lang='lat' dir='ltr'>incipit</span> <span class='ocrx_word' id='word_1_197' title='bbox 1510 3103 1673 3166; x_wconf 88' lang='lat' dir='ltr'>similiter:</span> 
     </span>
     <span class='ocr_line' id='line_1_24' title="bbox 413 3205 1674 3291; baseline 0.002 -24"><span class='ocrx_word' id='word_1_198' title='bbox 413 3209 610 3290; x_wconf 76' lang='lat' dir='ltr'>&gt;Gregorius</span> <span class='ocrx_word' id='word_1_199' title='bbox 633 3209 836 3291; x_wconf 89' lang='lat' dir='ltr'>episcopus«,</span> <span class='ocrx_word' id='word_1_200' title='bbox 862 3223 892 3270; x_wconf 91' lang='lat' dir='ltr'>et</span> <span class='ocrx_word' id='word_1_201' title='bbox 917 3209 948 3268; x_wconf 96' lang='lat' dir='ltr'>in</span> <span class='ocrx_word' id='word_1_202' title='bbox 974 3205 1035 3269; x_wconf 92' lang='lat' dir='ltr'>fine</span> <span class='ocrx_word' id='word_1_203' title='bbox 1070 3209 1172 3290; x_wconf 88' lang='lat' dir='ltr'>prime</span> <span class='ocrx_word' id='word_1_204' title='bbox 1204 3210 1320 3291; x_wconf 90' lang='lat' dir='ltr'>pagine</span> <span class='ocrx_word' id='word_1_205' title='bbox 1353 3209 1484 3270; x_wconf 93' lang='lat' dir='ltr'>secundi</span> <span class='ocrx_word' id='word_1_206' title='bbox 1509 3207 1580 3269; x_wconf 85' lang='lat' dir='ltr'>lolii</span> <span class='ocrx_word' id='word_1_207' title='bbox 1603 3205 1674 3270; x_wconf 89' lang='lat' dir='ltr'>finit</span> 
     </span>
     <span class='ocr_line' id='line_1_25' title="bbox 410 3313 1673 3399; baseline -0.002 -21"><span class='ocrx_word' id='word_1_208' title='bbox 410 3319 442 3378; x_wconf 92' lang='lat' dir='ltr'>in</span> <span class='ocrx_word' id='word_1_209' title='bbox 467 3331 573 3378; x_wconf 85' lang='lat' dir='ltr'>textu:</span> <span class='ocrx_word' id='word_1_210' title='bbox 603 3317 752 3399; x_wconf 80' lang='lat' dir='ltr'>»quidem</span> <span class='ocrx_word' id='word_1_211' title='bbox 787 3329 817 3378; x_wconf 91' lang='lat' dir='ltr'>et</span> <span class='ocrx_word' id='word_1_212' title='bbox 848 3315 1052 3393; x_wconf 67' lang='lat' dir='ltr'>ineffabilis«,</span> <span class='ocrx_word' id='word_1_213' title='bbox 1085 3329 1116 3377; x_wconf 92' lang='lat' dir='ltr'>et</span> <span class='ocrx_word' id='word_1_214' title='bbox 1149 3316 1179 3377; x_wconf 95' lang='lat' dir='ltr'>in</span> <span class='ocrx_word' id='word_1_215' title='bbox 1211 3313 1273 3377; x_wconf 88' lang='lat' dir='ltr'>fine</span> <span class='ocrx_word' id='word_1_216' title='bbox 1307 3317 1379 3377; x_wconf 90' lang='lat' dir='ltr'>libri</span> <span class='ocrx_word' id='word_1_217' title='bbox 1414 3314 1485 3377; x_wconf 91' lang='lat' dir='ltr'>finit</span> <span class='ocrx_word' id='word_1_218' title='bbox 1508 3315 1540 3376; x_wconf 93' lang='lat' dir='ltr'>in</span> <span class='ocrx_word' id='word_1_219' title='bbox 1564 3315 1673 3396; x_wconf 90' lang='lat' dir='ltr'>glosa:</span> 
     </span>
     <span class='ocr_line' id='line_1_26' title="bbox 416 3422 823 3505; baseline 0.01 -25"><span class='ocrx_word' id='word_1_220' title='bbox 416 3422 474 3483; x_wconf 84' lang='lat' dir='ltr'>»de</span> <span class='ocrx_word' id='word_1_221' title='bbox 497 3423 598 3505; x_wconf 89' lang='lat' dir='ltr'>pactis</span> <span class='ocrx_word' id='word_1_222' title='bbox 621 3422 823 3505; x_wconf 88' lang='lat' dir='ltr'>pacciones«.</span> 
     </span>
    </p>

    <p class='ocr_par' dir='ltr' id='par_1_9' title="bbox 410 3527 1671 3931">
     <span class='ocr_line' id='line_1_27' title="bbox 517 3527 1671 3610; baseline -0.001 -21"><span class='ocrx_word' id='word_1_223' title='bbox 517 3529 596 3592; x_wconf 91' lang='lat' dir='ltr'>ltem</span> <span class='ocrx_word' id='word_1_224' title='bbox 620 3548 684 3590; x_wconf 92' lang='lat' dir='ltr'>una</span> <span class='ocrx_word' id='word_1_225' title='bbox 708 3527 770 3590; x_wconf 88' lang='lat' dir='ltr'>alia</span> <span class='ocrx_word' id='word_1_226' title='bbox 796 3527 971 3589; x_wconf 89' lang='lat' dir='ltr'>Decretalis</span> <span class='ocrx_word' id='word_1_227' title='bbox 995 3527 1034 3588; x_wconf 93' lang='lat' dir='ltr'>ad</span> <span class='ocrx_word' id='word_1_228' title='bbox 1068 3527 1200 3588; x_wconf 81' lang='lat' dir='ltr'>modurn</span> <span class='ocrx_word' id='word_1_229' title='bbox 1234 3528 1416 3608; x_wconf 88' lang='lat' dir='ltr'>antiquum,</span> <span class='ocrx_word' id='word_1_230' title='bbox 1448 3541 1478 3589; x_wconf 91' lang='lat' dir='ltr'>et</span> <span class='ocrx_word' id='word_1_231' title='bbox 1502 3527 1616 3610; x_wconf 91' lang='lat' dir='ltr'>incipit</span> <span class='ocrx_word' id='word_1_232' title='bbox 1641 3527 1671 3588; x_wconf 95' lang='lat' dir='ltr'>in</span> 
     </span>
     <span class='ocr_line' id='line_1_28' title="bbox 410 3632 1669 3717; baseline -0.002 -19"><span class='ocrx_word' id='word_1_233' title='bbox 410 3649 515 3699; x_wconf 86' lang='lat' dir='ltr'>textu:</span> <span class='ocrx_word' id='word_1_234' title='bbox 544 3635 739 3717; x_wconf 81' lang='lat' dir='ltr'>»Gregorius</span> <span class='ocrx_word' id='word_1_235' title='bbox 763 3635 966 3717; x_wconf 87' lang='lat' dir='ltr'>episcopus«,</span> <span class='ocrx_word' id='word_1_236' title='bbox 991 3649 1021 3695; x_wconf 90' lang='lat' dir='ltr'>et</span> <span class='ocrx_word' id='word_1_237' title='bbox 1045 3635 1077 3695; x_wconf 91' lang='lat' dir='ltr'>in</span> <span class='ocrx_word' id='word_1_238' title='bbox 1102 3632 1164 3696; x_wconf 91' lang='lat' dir='ltr'>fine</span> <span class='ocrx_word' id='word_1_239' title='bbox 1182 3636 1284 3717; x_wconf 91' lang='lat' dir='ltr'>prime</span> <span class='ocrx_word' id='word_1_240' title='bbox 1302 3635 1418 3716; x_wconf 88' lang='lat' dir='ltr'>pagine</span> <span class='ocrx_word' id='word_1_241' title='bbox 1441 3634 1574 3696; x_wconf 90' lang='lat' dir='ltr'>secundi</span> <span class='ocrx_word' id='word_1_242' title='bbox 1600 3633 1669 3696; x_wconf 87' lang='lat' dir='ltr'>lolii</span> 
     </span>
     <span class='ocr_line' id='line_1_29' title="bbox 412 3740 1671 3824; baseline -0.002 -19"><span class='ocrx_word' id='word_1_243' title='bbox 412 3743 498 3806; x_wconf 92' lang='lat' dir='ltr'>finit:</span> <span class='ocrx_word' id='word_1_244' title='bbox 526 3757 576 3806; x_wconf 80' lang='lat' dir='ltr'>»et</span> <span class='ocrx_word' id='word_1_245' title='bbox 598 3756 719 3824; x_wconf 91' lang='lat' dir='ltr'>partem</span> <span class='ocrx_word' id='word_1_246' title='bbox 745 3742 811 3823; x_wconf 91' lang='lat' dir='ltr'>ipse</span> <span class='ocrx_word' id='word_1_247' title='bbox 829 3741 932 3815; x_wconf 91' lang='lat' dir='ltr'>sibi‹;</span> <span class='ocrx_word' id='word_1_248' title='bbox 957 3741 1077 3803; x_wconf 91' lang='lat' dir='ltr'>habens</span> <span class='ocrx_word' id='word_1_249' title='bbox 1099 3742 1130 3803; x_wconf 94' lang='lat' dir='ltr'>in</span> <span class='ocrx_word' id='word_1_250' title='bbox 1148 3740 1209 3804; x_wconf 90' lang='lat' dir='ltr'>fine</span> <span class='ocrx_word' id='word_1_251' title='bbox 1228 3755 1470 3822; x_wconf 85' lang='lat' dir='ltr'>extravagantes</span> <span class='ocrx_word' id='word_1_252' title='bbox 1488 3741 1671 3803; x_wconf 87' lang='lat' dir='ltr'>lnnocencii</span> 
     </span>
     <span class='ocr_line' id='line_1_30' title="bbox 410 3845 1567 3931; baseline -0.003 -19"><span class='ocrx_word' id='word_1_253' title='bbox 410 3847 509 3931; x_wconf 66' lang='lat' dir='ltr'>lull,</span> <span class='ocrx_word' id='word_1_254' title='bbox 533 3851 654 3912; x_wconf 89' lang='lat' dir='ltr'>habens</span> <span class='ocrx_word' id='word_1_255' title='bbox 678 3850 709 3910; x_wconf 96' lang='lat' dir='ltr'>in</span> <span class='ocrx_word' id='word_1_256' title='bbox 734 3847 796 3910; x_wconf 90' lang='lat' dir='ltr'>fine</span> <span class='ocrx_word' id='word_1_257' title='bbox 820 3852 950 3910; x_wconf 89' lang='lat' dir='ltr'>arbores</span> <span class='ocrx_word' id='word_1_258' title='bbox 974 3851 1290 3931; x_wconf 88' lang='lat' dir='ltr'>consangwineitatis</span> <span class='ocrx_word' id='word_1_259' title='bbox 1313 3864 1344 3912; x_wconf 89' lang='lat' dir='ltr'>et</span> <span class='ocrx_word' id='word_1_260' title='bbox 1367 3845 1567 3911; x_wconf 80' lang='lat' dir='ltr'>affinitatis.²</span> 
     </span>
    </p>

    <p class='ocr_par' dir='ltr' id='par_1_10' title="bbox 410 3951 1674 4339">
     <span class='ocr_line' id='line_1_31' title="bbox 516 3951 1674 4038; baseline -0.002 -20"><span class='ocrx_word' id='word_1_261' title='bbox 516 3957 595 4019; x_wconf 88' lang='lat' dir='ltr'>Item</span> <span class='ocrx_word' id='word_1_262' title='bbox 619 3977 682 4018; x_wconf 94' lang='lat' dir='ltr'>una</span> <span class='ocrx_word' id='word_1_263' title='bbox 707 3956 768 4017; x_wconf 90' lang='lat' dir='ltr'>alia</span> <span class='ocrx_word' id='word_1_264' title='bbox 792 3956 969 4018; x_wconf 89' lang='lat' dir='ltr'>Decretalis</span> <span class='ocrx_word' id='word_1_265' title='bbox 993 3955 1032 4016; x_wconf 92' lang='lat' dir='ltr'>ad</span> <span class='ocrx_word' id='word_1_266' title='bbox 1058 3951 1191 4018; x_wconf 87' lang='lat' dir='ltr'>mbdum</span> <span class='ocrx_word' id='word_1_267' title='bbox 1209 3957 1479 4038; x_wconf 87' lang='lat' dir='ltr'>antiquissimum,</span> <span class='ocrx_word' id='word_1_268' title='bbox 1509 3969 1540 4016; x_wconf 90' lang='lat' dir='ltr'>et</span> <span class='ocrx_word' id='word_1_269' title='bbox 1563 3954 1674 4037; x_wconf 89' lang='lat' dir='ltr'>incipit</span> 
     </span>
     <span class='ocr_line' id='line_1_32' title="bbox 410 4061 1670 4144; baseline -0.004 -18"><span class='ocrx_word' id='word_1_270' title='bbox 410 4066 443 4126; x_wconf 89' lang='lat' dir='ltr'>in</span> <span class='ocrx_word' id='word_1_271' title='bbox 467 4077 571 4127; x_wconf 87' lang='lat' dir='ltr'>textu:</span> <span class='ocrx_word' id='word_1_272' title='bbox 600 4063 795 4144; x_wconf 74' lang='lat' dir='ltr'>»Gregorius</span> <span class='ocrx_word' id='word_1_273' title='bbox 818 4064 1021 4144; x_wconf 82' lang='lat' dir='ltr'>episcopus«,</span> <span class='ocrx_word' id='word_1_274' title='bbox 1054 4077 1084 4123; x_wconf 91' lang='lat' dir='ltr'>et</span> <span class='ocrx_word' id='word_1_275' title='bbox 1108 4063 1139 4123; x_wconf 92' lang='lat' dir='ltr'>in</span> <span class='ocrx_word' id='word_1_276' title='bbox 1174 4061 1237 4124; x_wconf 91' lang='lat' dir='ltr'>fine</span> <span class='ocrx_word' id='word_1_277' title='bbox 1261 4063 1363 4143; x_wconf 91' lang='lat' dir='ltr'>prime</span> <span class='ocrx_word' id='word_1_278' title='bbox 1397 4061 1513 4142; x_wconf 89' lang='lat' dir='ltr'>pagine</span> <span class='ocrx_word' id='word_1_279' title='bbox 1538 4061 1670 4122; x_wconf 89' lang='lat' dir='ltr'>secundi</span> 
     </span>
     <span class='ocr_line' id='line_1_33' title="bbox 411 4167 1671 4250; baseline -0.004 -18"><span class='ocrx_word' id='word_1_280' title='bbox 411 4169 478 4232; x_wconf 87' lang='lat' dir='ltr'>lolii</span> <span class='ocrx_word' id='word_1_281' title='bbox 504 4169 593 4232; x_wconf 88' lang='lat' dir='ltr'>finit:</span> <span class='ocrx_word' id='word_1_282' title='bbox 622 4170 671 4230; x_wconf 76' lang='lat' dir='ltr'>»in</span> <span class='ocrx_word' id='word_1_283' title='bbox 690 4182 853 4250; x_wconf 90' lang='lat' dir='ltr'>posterum</span> <span class='ocrx_word' id='word_1_284' title='bbox 879 4170 939 4229; x_wconf 90' lang='lat' dir='ltr'>ob«</span> <span class='ocrx_word' id='word_1_285' title='bbox 973 4168 1092 4230; x_wconf 79' lang='lat' dir='ltr'>liabens</span> <span class='ocrx_word' id='word_1_286' title='bbox 1117 4168 1148 4228; x_wconf 90' lang='lat' dir='ltr'>in</span> <span class='ocrx_word' id='word_1_287' title='bbox 1166 4167 1229 4230; x_wconf 92' lang='lat' dir='ltr'>fine</span> <span class='ocrx_word' id='word_1_288' title='bbox 1247 4169 1433 4250; x_wconf 85' lang='lat' dir='ltr'>questiones</span> <span class='ocrx_word' id='word_1_289' title='bbox 1457 4167 1671 4229; x_wconf 88' lang='lat' dir='ltr'>dominicales</span> 
     </span>
     <span class='ocr_line' id='line_1_34' title="bbox 413 4275 1015 4339; baseline -0.008 0"><span class='ocrx_word' id='word_1_290' title='bbox 413 4276 630 4339; x_wconf 88' lang='lat' dir='ltr'>Bartholomei</span> <span class='ocrx_word' id='word_1_291' title='bbox 657 4275 855 4336; x_wconf 89' lang='lat' dir='ltr'>Bressiensis.</span> <span class='ocrx_word' id='word_1_292' title='bbox 1013 4277 1015 4281; x_wconf 83' lang='lat'>&#39;</span> 
     </span>
    </p>

    <p class='ocr_par' dir='ltr' id='par_1_11' title="bbox 411 4379 1704 4676">
     <span class='ocr_line' id='line_1_35' title="bbox 517 4379 1704 4460; baseline -0.003 -18"><span class='ocrx_word' id='word_1_293' title='bbox 517 4381 593 4442; x_wconf 89' lang='lat' dir='ltr'>ltem</span> <span class='ocrx_word' id='word_1_294' title='bbox 618 4381 699 4441; x_wconf 91' lang='lat' dir='ltr'>alius</span> <span class='ocrx_word' id='word_1_295' title='bbox 724 4380 805 4441; x_wconf 90' lang='lat' dir='ltr'>liber</span> <span class='ocrx_word' id='word_1_296' title='bbox 831 4379 1046 4441; x_wconf 87' lang='lat' dir='ltr'>Dccrctalium</span> <span class='ocrx_word' id='word_1_297' title='bbox 1075 4380 1222 4442; x_wconf 92' lang='lat' dir='ltr'>similiter</span> <span class='ocrx_word' id='word_1_298' title='bbox 1253 4380 1293 4442; x_wconf 91' lang='lat' dir='ltr'>ad</span> <span class='ocrx_word' id='word_1_299' title='bbox 1325 4379 1459 4440; x_wconf 89' lang='lat' dir='ltr'>modum</span> <span class='ocrx_word' id='word_1_300' title='bbox 1485 4379 1668 4460; x_wconf 82' lang='lat' dir='ltr'>antiquum,</span> <span class='ocrx_word' id='word_1_301' title='bbox 1698 4445 1704 4455; x_wconf 51' lang='grc'><strong>,</strong></span> 
     </span>
     <span class='ocr_line' id='line_1_36' title="bbox 411 4485 1667 4568; baseline -0.002 -19"><span class='ocrx_word' id='word_1_302' title='bbox 411 4487 531 4549; x_wconf 91' lang='lat' dir='ltr'>habens</span> <span class='ocrx_word' id='word_1_303' title='bbox 556 4487 587 4547; x_wconf 94' lang='lat' dir='ltr'>in</span> <span class='ocrx_word' id='word_1_304' title='bbox 612 4485 771 4568; x_wconf 91' lang='lat' dir='ltr'>principio</span> <span class='ocrx_word' id='word_1_305' title='bbox 805 4488 934 4548; x_wconf 93' lang='lat' dir='ltr'>arbores</span> <span class='ocrx_word' id='word_1_306' title='bbox 969 4486 1284 4566; x_wconf 81' lang='lat' dir='ltr'>consanguineitatis‚</span> <span class='ocrx_word' id='word_1_307' title='bbox 1317 4499 1348 4547; x_wconf 93' lang='lat' dir='ltr'>et</span> <span class='ocrx_word' id='word_1_308' title='bbox 1380 4486 1491 4568; x_wconf 91' lang='lat' dir='ltr'>incipit</span> <span class='ocrx_word' id='word_1_309' title='bbox 1518 4505 1591 4546; x_wconf 89' lang='lat' dir='ltr'>cum</span> <span class='ocrx_word' id='word_1_310' title='bbox 1617 4505 1667 4546; x_wconf 90' lang='lat' dir='ltr'>ru-</span> 
     </span>
     <span class='ocr_line' id='line_1_37' title="bbox 411 4589 1666 4676; baseline -0.004 -20"><span class='ocrx_word' id='word_1_311' title='bbox 411 4595 518 4656; x_wconf 90' lang='lat' dir='ltr'>brica:</span> <span class='ocrx_word' id='word_1_312' title='bbox 547 4592 678 4673; x_wconf 79' lang='lat' dir='ltr'>»Incipit</span> <span class='ocrx_word' id='word_1_313' title='bbox 702 4591 782 4654; x_wconf 91' lang='lat' dir='ltr'>liber</span> <span class='ocrx_word' id='word_1_314' title='bbox 805 4593 960 4674; x_wconf 83' lang='lat' dir='ltr'>primus«,</span> <span class='ocrx_word' id='word_1_315' title='bbox 985 4605 1015 4652; x_wconf 91' lang='lat' dir='ltr'>et</span> <span class='ocrx_word' id='word_1_316' title='bbox 1039 4592 1069 4652; x_wconf 95' lang='lat' dir='ltr'>in</span> <span class='ocrx_word' id='word_1_317' title='bbox 1094 4589 1158 4653; x_wconf 89' lang='lat' dir='ltr'>fine</span> <span class='ocrx_word' id='word_1_318' title='bbox 1176 4593 1279 4674; x_wconf 86' lang='lat' dir='ltr'>prime</span> <span class='ocrx_word' id='word_1_319' title='bbox 1300 4592 1416 4676; x_wconf 89' lang='lat' dir='ltr'>pagine</span> <span class='ocrx_word' id='word_1_320' title='bbox 1440 4591 1571 4652; x_wconf 88' lang='lat' dir='ltr'>secundi</span> <span class='ocrx_word' id='word_1_321' title='bbox 1598 4589 1666 4652; x_wconf 86' lang='lat' dir='ltr'>lolii</span> 
     </span>
    </p>
   </div>
   <div class='ocr_carea' id='block_1_5' title="bbox 408 4745 1674 5174">
    <p class='ocr_par' dir='ltr' id='par_1_12' title="bbox 408 4745 1674 4982">
     <span class='ocr_line' id='line_1_38' title="bbox 518 4745 1674 4820; baseline -0.002 -18"><span class='ocrx_word' id='word_1_322' title='bbox 518 4749 526 4779; x_wconf 91' lang='lat'><strong>¹</strong></span> <span class='ocrx_word' id='word_1_323' title='bbox 545 4748 578 4802; x_wconf 92' lang='lat' dir='ltr'>In</span> <span class='ocrx_word' id='word_1_324' title='bbox 596 4748 727 4820; x_wconf 86' lang='lat' dir='ltr'>margine</span> <span class='ocrx_word' id='word_1_325' title='bbox 748 4748 802 4803; x_wconf 83' lang='lat' dir='ltr'>alia</span> <span class='ocrx_word' id='word_1_326' title='bbox 815 4765 915 4802; x_wconf 84' lang='lat' dir='ltr'>manu:</span> <span class='ocrx_word' id='word_1_327' title='bbox 935 4747 972 4800; x_wconf 88' lang='lat' dir='ltr'>Et</span> <span class='ocrx_word' id='word_1_328' title='bbox 990 4746 1045 4801; x_wconf 87' lang='lat' dir='ltr'>iste</span> <span class='ocrx_word' id='word_1_329' title='bbox 1058 4746 1131 4800; x_wconf 90' lang='lat' dir='ltr'>liber</span> <span class='ocrx_word' id='word_1_330' title='bbox 1144 4763 1303 4802; x_wconf 90' lang='lat' dir='ltr'>concessus</span> <span class='ocrx_word' id='word_1_331' title='bbox 1316 4754 1362 4801; x_wconf 86' lang='lat' dir='ltr'>est</span> <span class='ocrx_word' id='word_1_332' title='bbox 1377 4745 1494 4801; x_wconf 90' lang='lat' dir='ltr'>domino</span> <span class='ocrx_word' id='word_1_333' title='bbox 1510 4745 1674 4818; x_wconf 86' lang='lat' dir='ltr'>Stephano,</span> 
     </span>
     <span class='ocr_line' id='line_1_39' title="bbox 409 4835 1672 4907; baseline -0.004 -14"><span class='ocrx_word' id='word_1_334' title='bbox 409 4837 529 4906; x_wconf 86' lang='lat' dir='ltr'>vicario,</span> <span class='ocrx_word' id='word_1_335' title='bbox 559 4836 765 4892; x_wconf 90' lang='lat' dir='ltr'>archidiacono</span> <span class='ocrx_word' id='word_1_336' title='bbox 794 4838 830 4891; x_wconf 93' lang='lat' dir='ltr'>de</span> <span class='ocrx_word' id='word_1_337' title='bbox 858 4835 1001 4904; x_wconf 87' lang='lat' dir='ltr'>Kemlek,</span> <span class='ocrx_word' id='word_1_338' title='bbox 1028 4835 1128 4890; x_wconf 90' lang='lat' dir='ltr'>ultima</span> <span class='ocrx_word' id='word_1_339' title='bbox 1166 4835 1212 4892; x_wconf 89' lang='lat' dir='ltr'>die</span> <span class='ocrx_word' id='word_1_340' title='bbox 1243 4835 1417 4907; x_wconf 88' lang='lat' dir='ltr'>septembris</span> <span class='ocrx_word' id='word_1_341' title='bbox 1447 4853 1522 4890; x_wconf 90' lang='lat' dir='ltr'>anno</span> <span class='ocrx_word' id='word_1_342' title='bbox 1551 4835 1672 4891; x_wconf 91' lang='lat' dir='ltr'>Domini</span> 
     </span>
     <span class='ocr_line' id='line_1_40' title="bbox 408 4923 1368 4982; baseline -0.005 0"><span class='ocrx_word' id='word_1_343' title='bbox 408 4925 644 4982; x_wconf 88' lang='lat' dir='ltr'>MCCCCXXV.</span> <span class='ocrx_word' id='word_1_344' title='bbox 664 4927 717 4981; x_wconf 89' lang='lat' dir='ltr'>sub</span> <span class='ocrx_word' id='word_1_345' title='bbox 737 4926 958 4980; x_wconf 90' lang='lat' dir='ltr'>condicionibus</span> <span class='ocrx_word' id='word_1_346' title='bbox 977 4925 1005 4978; x_wconf 91' lang='lat' dir='ltr'>in</span> <span class='ocrx_word' id='word_1_347' title='bbox 1024 4924 1114 4978; x_wconf 90' lang='lat' dir='ltr'>literis</span> <span class='ocrx_word' id='word_1_348' title='bbox 1134 4923 1194 4978; x_wconf 86' lang='lat' dir='ltr'>suis</span> <span class='ocrx_word' id='word_1_349' title='bbox 1214 4923 1368 4980; x_wconf 91' lang='lat' dir='ltr'>contentis.</span> 
     </span>
    </p>

    <p class='ocr_par' dir='ltr' id='par_1_13' title="bbox 416 5012 1670 5174">
     <span class='ocr_line' id='line_1_41' title="bbox 515 5012 1670 5087; baseline -0.001 -19"><span class='ocrx_word' id='word_1_350' title='bbox 515 5016 525 5046; x_wconf 75' lang='lat'>³</span> <span class='ocrx_word' id='word_1_351' title='bbox 542 5015 576 5068; x_wconf 92' lang='lat' dir='ltr'>ln</span> <span class='ocrx_word' id='word_1_352' title='bbox 594 5016 725 5087; x_wconf 84' lang='lat' dir='ltr'>margine</span> <span class='ocrx_word' id='word_1_353' title='bbox 745 5015 801 5069; x_wconf 87' lang='lat' dir='ltr'>alia</span> <span class='ocrx_word' id='word_1_354' title='bbox 820 5031 921 5068; x_wconf 88' lang='lat' dir='ltr'>manu:</span> <span class='ocrx_word' id='word_1_355' title='bbox 941 5014 999 5069; x_wconf 87' lang='lat' dir='ltr'>Iste</span> <span class='ocrx_word' id='word_1_356' title='bbox 1014 5013 1107 5068; x_wconf 89' lang='lat' dir='ltr'>eciam</span> <span class='ocrx_word' id='word_1_357' title='bbox 1125 5012 1198 5066; x_wconf 91' lang='lat' dir='ltr'>liber</span> <span class='ocrx_word' id='word_1_358' title='bbox 1213 5021 1427 5084; x_wconf 87' lang='lat' dir='ltr'>comprestatus</span> <span class='ocrx_word' id='word_1_359' title='bbox 1438 5019 1484 5067; x_wconf 90' lang='lat' dir='ltr'>est</span> <span class='ocrx_word' id='word_1_360' title='bbox 1503 5012 1600 5068; x_wconf 89' lang='lat' dir='ltr'>eidem</span> <span class='ocrx_word' id='word_1_361' title='bbox 1620 5013 1670 5067; x_wconf 92' lang='lat' dir='ltr'>do·</span> 
     </span>
     <span class='ocr_line' id='line_1_42' title="bbox 416 5101 1565 5174; baseline -0.002 -15"><span class='ocrx_word' id='word_1_362' title='bbox 416 5105 491 5170; x_wconf 63' lang='lat' dir='ltr'>Sino</span> <span class='ocrx_word' id='word_1_363' title='bbox 512 5103 620 5159; x_wconf 83' lang='lat' dir='ltr'>vicario</span> <span class='ocrx_word' id='word_1_364' title='bbox 640 5105 693 5159; x_wconf 87' lang='lat' dir='ltr'>sub</span> <span class='ocrx_word' id='word_1_365' title='bbox 713 5103 932 5158; x_wconf 90' lang='lat' dir='ltr'>condicionibus</span> <span class='ocrx_word' id='word_1_366' title='bbox 951 5103 979 5157; x_wconf 93' lang='lat' dir='ltr'>in</span> <span class='ocrx_word' id='word_1_367' title='bbox 999 5103 1090 5157; x_wconf 85' lang='lat' dir='ltr'>literis</span> <span class='ocrx_word' id='word_1_368' title='bbox 1108 5103 1167 5157; x_wconf 90' lang='lat' dir='ltr'>suis</span> <span class='ocrx_word' id='word_1_369' title='bbox 1188 5101 1333 5174; x_wconf 84' lang='lat' dir='ltr'>expressis</span> <span class='ocrx_word' id='word_1_370' title='bbox 1352 5101 1427 5156; x_wconf 90' lang='lat' dir='ltr'>sicut</span> <span class='ocrx_word' id='word_1_371' title='bbox 1445 5101 1565 5174; x_wconf 88' lang='lat' dir='ltr'>primus.</span> 
     </span>
    </p>
   </div>
   <div class='ocr_carea' id='block_1_6' title="bbox 0 0 1910 5806">
    <p class='ocr_par' dir='ltr' id='par_1_14' title="bbox 0 0 1910 5806">
     <span class='ocr_line' id='line_1_43' title="bbox 0 0 1910 5806; baseline 0 1"><span class='ocrx_word' id='word_1_372' title='bbox 0 0 1910 5806; x_wconf 95' lang='lat' dir='ltr'> </span> 
     </span>
    </p>
   </div>
  </div>
 </body>
</html>
