3810 5806
794 561 977 624 Invenrani».
1474 583 1528 644 141

265 769 367 851 prime
390 770 507 852 pagine
531 770 665 833 secundi
689 769 759 833 folii
784 769 873 835 finit:
901 771 1031 834 »dicunt
1054 772 1217 835 caritatem
1242 773 1327 850 dei«,
1353 789 1384 837 et
1408 775 1439 836 iu
1465 774 1528 838 fine

265 876 338 938 libri
363 875 402 938 de
427 876 540 940 eadem
565 877 656 940 litera
680 876 768 940 finit:
796 879 956 962 »Explicit
979 879 1061 942 liber
1086 879 1324 942 Summarum«.

371 1001 449 1063 ltem
474 1001 557 1064 alius
580 1015 685 1065 textus
700 1002 775 1064 libri
793 1003 1011 1083 Summarum,
1028 1017 1059 1066 et
1075 1003 1204 1087 incipit:
1227 1003 1361 1067 »Omnia
1383 1005 1528 1068 doctrina

266 1121 313 1171 eat
336 1107 376 1171 de
400 1110 496 1171 rebus
520 1123 551 1171 et
575 1109 614 1171 de
650 1110 783 1190 signis«,
816 1125 847 1173 et
870 1110 902 1172 in
935 1108 997 1172 fine
1021 1111 1124 1194 prime
1157 1112 1273 1194 pagine
1297 1112 1429 1174 secundi
1455 1111 1524 1176 folii

265 1213 352 1278 finit:
380 1215 498 1278 »nichil
521 1229 630 1278 tamen
654 1217 833 1279 secundum
852 1216 1033 1296 accidens«,
1058 1231 1089 1279 et
1105 1218 1137 1279 in
1162 1216 1224 1280 fine
1249 1219 1323 1281 libri
1346 1218 1433 1282 finit:
1463 1221 1533 1283 »via

265 1321 346 1384 duce
369 1323 549 1405 pervenit«.

370 1427 447 1490 ltem
473 1429 555 1491 alius
578 1443 683 1492 textus
707 1430 914 1493 Summarum
944 1431 983 1493 de
1002 1431 1194 1514 pulcerrima
1218 1432 1320 1510 litera,
1344 1448 1375 1496 et
1398 1434 1529 1517 incipit:

268 1534 466 1618 »Cupientes
485 1537 643 1619 aliquid«,
668 1552 699 1601 et
723 1539 755 1600 in
773 1538 835 1600 fine
858 1539 960 1621 prime
985 1539 1101 1622 pagine
1118 1540 1250 1603 secundi
1274 1539 1344 1603 folii
1369 1540 1455 1604 finit:
1478 1557 1527 1605 »et

263 1643 396 1706 relative
421 1643 605 1722 dicuntur«,
630 1659 661 1707 et
685 1645 717 1705 in
742 1643 805 1706 fine
829 1645 903 1707 libri
920 1644 1007 1708 finit:
1036 1646 1094 1707 »ad
1119 1646 1217 1728 pedes
1241 1665 1344 1728 usque
1368 1647 1423 1709 illa
1448 1648 1529 1710 duce

263 1750 441 1833 pervenit«,
466 1750 587 1813 habena
611 1751 751 1834 capitula
775 1752 808 1814 in
832 1750 896 1814 fine
920 1752 1009 1814 tercii
1034 1765 1066 1814 et
1089 1752 1194 1834 quarti
1218 1752 1304 1815 libri.

298 1919 309 1946 ,
368 1875 446 1938 ltem
468 1895 552 1938 unua
575 1875 657 1938 aliua
681 1889 784 1938 textus
809 1877 1016 1939 Summarum
1044 1889 1075 1938 et
1106 1877 1218 1959 incipit
1249 1875 1413 1938 similiter:
1443 1873 1526 1938 »Cu-

263 1982 388 2064 pientea
411 1981 569 2065 aliquid«,
594 1995 625 2044 et
649 1982 680 2044 in
705 1981 768 2044 fine
792 1983 896 2066 prime
920 1983 1036 2066 pagine
1057 1981 1188 2045 secundi
1215 1981 1285 2045 folii
1310 1981 1396 2044 finit:
1427 1979 1532 2044 »filius

264 2089 426 2151 naacendo
451 2090 605 2172 accepit«,
631 2077 712 2152 etin
736 2089 799 2152 fine
815 2090 889 2152 libri
908 2088 978 2152 finit
995 2089 1034 2152 de
1052 2089 1195 2152 rubrica:
1226 2089 1383 2171 »Explicit
1400 2103 1532 2171 quartur

261 2195 343 2258 liber
367 2196 607 2260 Summarum«.

367 2301 445 2364 ltem
469 2303 551 2365 alius
574 2317 678 2365 textus
703 2301 908 2364 Summarum
927 2302 1039 2385 incipit
1055 2303 1221 2365 similiter:
1251 2300 1446 2383 »Cupientes
1462 2299 1520 2363 ali·

259 2407 371 2489 quid«,
396 2409 483 2470 etin
507 2407 570 2471 fine
595 2409 697 2492 prime
721 2407 838 2491 pagine
862 2408 995 2470 secundi
1023 2407 1093 2470 lolii
1127 2407 1214 2472 finit:
1244 2408 1362 2490 »poscit
1386 2405 1524 2486 lacere«,

262 2529 294 2576 et
317 2515 351 2576 in
375 2514 438 2576 fine
463 2515 536 2578 libri
560 2513 648 2577 finit:
670 2534 790 2597 »usque
807 2514 846 2576 ad
864 2515 963 2597 pedes
985 2514 1036 2576 via
1054 2514 1208 2593 invenit«,
1226 2515 1348 2577 habens
1373 2513 1523 2576 ultimum

263 2619 380 2683 solium
409 2621 595 2684 laceratum.

371 2745 449 2808 ltem
473 2766 576 2808 unum
600 2745 689 2808 aliud
714 2747 866 2830 scriptum
891 2765 987 2828 »uper
1010 2745 1094 2807 libro
1119 2745 1337 2824 Summarum,
1362 2758 1393 2808 et
1417 2745 1530 2829 incipit

262 2852 295 2913 in
320 2852 464 2915 rubrica:
493 2851 627 2936 »Incipit
654 2853 808 2935 scriptum
843 2871 939 2935 super
969 2851 1054 2914 libro
1087 2851 1327 2928 Summarum«,
1352 2865 1383 2913 et
1407 2851 1439 2912 in
1463 2849 1527 2914 fine

263 2957 367 3040 prime
401 2958 518 3041 pagine
550 2957 683 3020 aecundl
715 2957 785 3021 lolii
818 2957 904 3020 finit:
942 2959 992 3020 »in
1029 2958 1168 3020 assencia
1201 2958 1417 3036 diversitate«,
1442 2971 1473 3020 et
1497 2960 1528 3019 in

262 3061 326 3126 fine
350 3064 423 3126 libri
448 3063 518 3126 finit
542 3083 614 3127 cum
644 3065 788 3128 rubrica:
824 3065 984 3148 »Explicit
1015 3065 1135 3127 lectura
1167 3062 1273 3126 fratris
1298 3065 1408 3126 Jacobi
1433 3084 1529 3147 auper

264 3169 445 3234 Summas«.

370 3295 446 3358 ltcm
472 3295 605 3378 quidam
630 3297 711 3358 liber
735 3296 775 3358 de
800 3295 959 3358 Trinitate
992 3309 1023 3358 et
1046 3295 1147 3357 tribus
1172 3296 1278 3374 rebus,
1304 3308 1334 3357 et
1358 3295 1471 3378 incipit
1495 3295 1527 3357 in

264 3402 375 3483 nigro:
412 3402 604 3484 »Tanquam
636 3403 802 3485 inquirens
842 3421 987 3464 racemos
1021 3416 1094 3484 post
1123 3401 1399 3475 vindimiatorem,
1432 3415 1463 3464 et
1495 3401 1527 3462 in

262 3505 327 3570 fine
351 3509 454 3591 prime
476 3509 594 3591 pagine
618 3509 750 3571 secundi
768 3507 838 3570 solii
862 3507 950 3571 finit:
978 3506 1058 3569 »hoc
1075 3521 1122 3568 est
1138 3507 1251 3584 sicut«,
1270 3521 1301 3570 et
1318 3507 1350 3568 in
1374 3505 1437 3568 fine
1454 3507 1527 3568 libri

261 3613 351 3677 finit:
380 3627 445 3677 »eat
469 3615 607 3696 quedam
633 3615 742 3678 tabula
775 3614 870 3677 huius
901 3615 1039 3698 operis«,
1070 3633 1133 3696 que
1161 3611 1248 3676 finit:
1277 3627 1369 3676 »aunt
1393 3633 1470 3695 ergo
1495 3627 1527 3675 et

263 3721 440 3804 proxima«.

368 3827 445 3889 item
471 3827 583 3911 incipit
606 3827 688 3890 liber
719 3827 758 3889 de
789 3839 902 3890 natura
921 3826 1097 3889 divinitati»
1129 3839 1160 3888 et
1191 3825 1388 3908 appellatur:
1418 3824 1525 3887 »Con-

262 3933 418 4016 pendium
438 3933 616 3996 Thealoice
641 3910 814 4010 veritatis«,
839 3933 959 3996 habens
969 3933 1108 4015 capitula
1132 3946 1217 4010 ante,
1242 3945 1273 3994 et
1297 3931 1451 4013 prologua
1475 3931 1522 3992 in·

262 4039 356 4123 cipit:
387 4040 555 4102 »Veritatis
572 4040 751 4103 Theoloice
768 4041 981 4117 sublimitas«,
999 4053 1030 4102 et
1047 4039 1080 4100 in
1096 4037 1160 4101 fine
1180 4039 1254 4100 libri
1271 4036 1341 4100 finit
1365 4039 1397 4100 in
1415 4038 1527 4120 nigro:

266 4149 396 4210 »beatus
420 4148 550 4230 recipiet
574 4148 751 4210 secundum
776 4149 888 4210 merita
912 4149 981 4210 aine
1005 4145 1078 4210 fine.
1103 4151 1237 4209 Amem«

369 4271 447 4334 lrem
473 4273 555 4334 liber
579 4274 634 4355 qui
652 4273 849 4356 appellatur:
870 4271 1119 4355 »Conpendium
1137 4271 1319 4354 pauperis«,
1342 4283 1373 4332 et
1397 4270 1525 4352 incipit:

264 4379 406 4441 »Veteris
429 4397 466 4440 ac
482 4397 565 4441 nove
589 4379 701 4461 legia«,
719 4393 750 4442 et
767 4380 798 4440 in
816 4381 918 4462 prima
930 4377 1187 4462 paginaaecundi
1212 4375 1281 4439 lolii
1298 4375 1386 4439 finit:
1415 4389 1523 4438 »actus

260 4484 477 4558 attribuitur«,
502 4499 533 4546 et
556 4485 589 4547 in
622 4483 685 4547 fine
717 4486 791 4548 libri
824 4484 910 4548 finit:
946 4485 1101 4546 »addatur
1132 4484 1287 4566 sapientia
1320 4484 1452 4545 cuilibet
1476 4503 1524 4544 sa·

258 4587 392 4672 pienti«,
429 4589 550 4653 habens
587 4591 619 4653 in
655 4590 717 4654 fine
752 4591 897 4654 tabulam
931 4591 1088 4674 optimam
1121 4589 1260 4652 secunde
1296 4589 1394 4671 partis
1429 4588 1525 4650 huius

259 4697 454 4779 compendii.

365 4819 443 4884 Item
469 4821 655 4904 questiones
671 4822 866 4905 superlibris
885 4822 1102 4900 Summarum,
1121 4833 1152 4881 et
1168 4819 1297 4902 incipit:
1320 4819 1428 4880 »Fecit
1444 4819 1523 4881 deua

258 4927 424 4990 hominem
443 4941 599 5006 rectum«,
625 4942 655 4990 et
672 4929 703 4990 in
729 4927 791 4990 fine
810 4928 911 5010 prime
929 4929 1044 5011 pagine
1062 4926 1194 4989 secundi
1213 4923 1282 4986 iolii
1307 4923 1394 4988 finit:
1417 4926 1522 5008 »quod

258 5037 282 5096 si
308 5055 357 5096 rea
380 5035 544 5117 ponitur«,
569 5049 601 5098 et
623 5036 656 5097 in
681 5034 744 5098 fiue
769 5035 842 5096 libri
868 5033 955 5097 finit:
983 5035 1034 5096 »in
1060 5033 1174 5095 ordine
1199 5033 1406 5094 moralium«.
