3810 5806
778 1639 907 1735 (Anno
936 1637 1095 1726 Domini
1122 1635 1345 1738 nomn.)

408 1991 513 2069 Anno
552 1993 740 2069 millesimo
774 1995 1064 2094 quingentesimo
1102 1996 1281 2095 vigesimo
1323 2003 1472 2094 quarto,
1509 2003 1677 2094 tempore

407 2117 589 2216 judicatus
628 2118 879 2218 circumspecti
909 2125 948 2195 et
975 2121 1162 2220 prudentis
1200 2117 1384 2195 Michaelis
1413 2119 1558 2212 literati,
1601 2143 1676 2196 mo-

409 2243 509 2318 derni
540 2241 675 2341 judicis
713 2243 849 2334 nostri,
885 2267 1037 2343 presens
1076 2243 1287 2319 kathernum
1334 2251 1393 2318 est
1438 2244 1678 2343 conscriptum

410 2366 526 2442 modo
558 2375 597 2443 et
638 2367 763 2442 ordine
803 2377 910 2466 prout
942 2377 1053 2468 patet,
1094 2367 1186 2444 feria
1222 2367 1380 2443 secunda
1421 2375 1506 2442 ante
1548 2365 1677 2444 festum

687 2501 892 2567 sanctorum
922 2491 1095 2594 Tyburcii
1125 2503 1163 2568 et
1194 2491 1388 2568 Valeriani.

934 2703 994 2782 (11.
1018 2705 1148 2781 aprilis).

517 2824 614 2899 Quod
639 2845 697 2887 nos
725 2826 888 2908 quandam
914 2827 1048 2890 domum
1065 2828 1207 2910 ligneam
1232 2841 1383 2912 protunc
1407 2829 1471 2890 iam
1496 2828 1675 2910 ruinosum,

411 2932 507 2994 simul
531 2951 605 2995 cum
630 2931 763 2994 edificiis
786 2933 933 2996 similiter
965 2935 1122 2997 universis
1153 2956 1189 2997 ac
1221 2937 1309 2996 curia
1333 2935 1365 2996 in
1398 2933 1520 3018 prelata
1545 2935 1672 2998 civitate

409 3039 539 3102 honesti
564 3040 655 3120 pueri
680 3040 847 3102 Michaelis
871 3041 927 3102 filii
961 3042 1098 3104 condam
1124 3041 1280 3104 Anthonii
1305 3041 1473 3124 selliparis,
1495 3042 1573 3104 olim
1600 3062 1674 3104 con·

411 3146 491 3207 civis
515 3145 627 3224 nostri,
652 3146 733 3207 inter
757 3147 872 3208 domos
889 3161 919 3210 et
940 3149 1043 3210 curias
1060 3149 1271 3231 providorum
1290 3147 1422 3229 Georgii
1447 3148 1615 3230 selliparis,
1632 3150 1671 3210 ab

348 3337 349 3340 Ἴ
411 3253 559 3314 orientali
583 3265 614 3315 et
636 3253 761 3315 Nicolai
788 3255 976 3336 carpentarii
1009 3256 1048 3317 ab
1081 3255 1247 3317 occidente
1272 3275 1308 3317 ac
1333 3255 1488 3337 (h)ortum
1514 3255 1668 3337 Stephani

408 3361 537 3422 sartoris
560 3380 577 3421 a
602 3361 818 3441 meridionali,
842 3362 1024 3424 concivium
1053 3375 1249 3441 nostrorum,
1274 3382 1291 3423 a
1316 3361 1570 3444 septemtrionali
1595 3382 1670 3424 vero

407 3467 491 3528 viam
505 3487 562 3528 seu
574 3467 713 3549 plateam
731 3487 949 3546 communem,
967 3469 1121 3550 partibus,
1140 3468 1281 3530 habitam
1299 3481 1331 3531 et
1348 3468 1546 3546 existentem,
1564 3467 1670 3550 ipsum

408 3574 529 3636 scilicet
551 3593 688 3657 puerum
721 3574 911 3636 Michaelem
944 3573 1013 3655 jure
1046 3575 1240 3637 hereditario
1272 3589 1344 3656 post
1375 3575 1541 3637 decessum
1574 3576 1671 3657 patris

409 3695 667 3760 concernentem,
691 3701 731 3743 ne
755 3681 906 3743 videlicet
929 3681 1012 3743 dicta
1041 3681 1167 3761 domus,
1187 3695 1282 3764 prout
1313 3681 1377 3762 jam
1401 3695 1534 3764 apparet
1557 3683 1599 3744 ob
1624 3683 1671 3744 in·

409 3789 530 3850 curiam
555 3801 587 3850 et
611 3789 844 3870 negligenciam
869 3793 963 3849 Anne
987 3788 1124 3850 nover'ce
1150 3802 1180 3850 et
1199 3788 1328 3871 Mathey
1353 3787 1456 3871 Feyer
1479 3788 1584 3850 vitrici
1602 3808 1672 3870 pre-

410 3895 465 3957 lati
490 3896 581 3978 pueri
606 3896 741 3958 omnino
767 3895 907 3956 ruinaret
931 3907 962 3956 et
985 3895 1018 3956 in
1036 3895 1277 3958 desolacionem
1295 3908 1470 3958 extremam
1496 3895 1671 3974 deveniret,

410 4002 507 4063 simul
539 4022 613 4063 cum
645 4003 797 4063 omnibus
829 3999 949 4083 prefate
985 4001 1102 4063 domus
1134 4015 1164 4062 et
1196 4002 1283 4063 curie
1315 4020 1440 4062 necnon
1473 4000 1672 4063 edificiorum

412 4108 614 4187 utilitatibus,
639 4107 772 4188 juribus,
797 4109 918 4186 usibus,
951 4108 1188 4188 integritatibus
1212 4122 1243 4170 et
1274 4107 1481 4190 pertinenciis
1506 4107 1673 4188 universis,

411 4215 549 4298 provido
575 4214 724 4277 Michaeli
749 4213 891 4297 pellifici,
916 4229 951 4276 ut
973 4214 1037 4296 jam
1058 4234 1144 4276 novo
1169 4215 1295 4276 concivi
1320 4227 1441 4295 nostr0,
1465 4235 1501 4276 ac
1525 4235 1581 4297 per
1598 4235 1672 4277 eum

409 4321 475 4383 suis
499 4321 672 4383 heredibus
695 4320 781 4402 juxta
806 4321 974 4383 arbitrium
992 4334 1022 4383 et
1039 4322 1302 4384 exstimationem
1327 4323 1504 4404 proborum
1529 4322 1673 4383 virorum

406 4447 465 4510 pro
489 4427 559 4490 flor.
583 4441 657 4490 octo
681 4447 737 4510 per
760 4426 919 4508 prelatum
947 4426 1138 4488 Michaelem
1171 4427 1343 4509 pellificem
1377 4429 1416 4488 ad
1446 4447 1560 4489 manus
1584 4447 1671 4490 com-

406 4555 521 4596 munes
545 4535 732 4616 assignatos,
755 4534 818 4616 jam
851 4535 945 4616 plene
978 4547 1008 4595 et
1039 4534 1180 4610 totaliter
1213 4554 1249 4595 ac
1282 4534 1367 4596 dicto
1393 4534 1544 4596 Michaeli
1569 4555 1670 4618 puero

407 4641 544 4703 eumad
569 4639 743 4723 perfectam
775 4655 891 4702 etatem
923 4642 1104 4722 pervenerit
1134 4641 1318 4721 tradendos,
1342 4661 1393 4720 ne,
1425 4641 1451 4702 si
1484 4640 1523 4702 ad
1558 4661 1671 4703 manus

409 4748 567 4810 dictorum
602 4767 738 4810 noverce
771 4761 802 4809 et
831 4747 935 4809 vitrici
966 4747 1102 4829 pecunia
1135 4748 1326 4828 advenisset,
1358 4747 1495 4810 eandem
1523 4767 1672 4810 consum·

410 4855 556 4937 psissent,
571 4854 782 4934 dedissemus,
799 4853 1055 4916 vendidissemus
1071 4868 1102 4917 et
1119 4855 1388 4934 contullissemus,
1406 4857 1507 4916 immo
1524 4855 1674 4918 dedimus

408 4975 438 5024 et
461 4961 667 5022 vendidimus
689 4959 758 5042 jure
776 4973 931 5043 perpetuo
957 4973 988 5023 et
1011 4961 1273 5023 irrevocabiliter.
1301 4961 1418 5024 Datum
1437 4959 1516 5022 feria
1533 4961 1673 5023 secunda

408 5081 480 5153 post
504 5066 620 5132 festum
646 5067 730 5130 beati
757 5067 913 5130 Anthonii
940 5065 1141 5129 confessoris.
1167 5073 1263 5130 Anno
1288 5088 1354 5150 quo
1378 5087 1483 5151 supra.

933 5208 1144 5226 ¹·—0—*-⁴—-
