3804 5798
380 580 439 659 184
906 581 1085 642 Inventaria.

374 805 488 872 patena
513 792 660 853 similiter
684 811 779 853 aurea
804 805 835 852 et
859 792 938 852 duas
966 811 1079 874 parvas
1112 810 1221 852 cruces
1245 791 1277 851 in
1301 791 1367 852 suis
1392 792 1526 853 burselis
1549 793 1635 853 simi-

374 897 446 959 liter
469 917 581 959 aureas
605 918 677 959 curn
703 918 761 958 suo
786 897 958 979 corporali.

480 1003 558 1066 Item
583 1024 680 1067 unam
699 1005 838 1066 casulam
858 1023 987 1065 auream
1005 1021 1078 1064 cum
1096 1003 1247 1063 omnibus
1263 1003 1329 1063 suis
1353 1004 1544 1082 attinenciis,
1561 1024 1635 1066 cum

375 1128 467 1170 cruce
492 1123 653 1190 gemmata
678 1123 708 1170 et
733 1111 878 1192 insigniis
902 1108 1026 1170 domini
1051 1107 1188 1170 condam
1214 1107 1349 1169 Osualdi
1375 1109 1543 1188 signatam.

480 1215 557 1277 ltem
582 1216 680 1277 aliam
704 1216 843 1277 casulam
868 1214 1016 1278 similiter
1037 1233 1166 1275 auream
1191 1233 1263 1274 curn
1288 1213 1353 1274 suis
1377 1214 1557 1276 attinenciis
1581 1233 1636 1296 per

375 1321 620 1404 Sigismundum
645 1321 832 1403 episcopum
868 1319 1227 1402 Quinqueecclesiensis
1250 1319 1383 1380 ecclesie
1407 1320 1569 1380 donatam.

481 1428 558 1490 ltem
594 1427 635 1488 ad
668 1427 803 1488 eandem
836 1427 946 1488 cistam
979 1427 1148 1507 posuimus
1179 1444 1275 1486 unam
1311 1425 1450 1486 casulam
1475 1444 1547 1487 cum
1572 1427 1638 1486 suis

373 1534 565 1612 attinenciis,
591 1535 630 1594 de
655 1532 727 1594 alba
752 1533 909 1610 kamwlra,
941 1550 1019 1592 auro
1053 1531 1170 1609 thexta,
1202 1530 1324 1612 optima
1357 1543 1388 1591 et
1415 1550 1510 1610 nova,
1535 1545 1566 1593 et
1589 1532 1635 1592 in-

373 1660 469 1723 super
492 1660 592 1701 unum
617 1638 807 1722 (h)umerale
832 1652 1042 1719 gemmatum.

480 1745 558 1808 ltem
592 1745 631 1806 ad
665 1745 800 1806 eandem
833 1745 945 1806 cistam
977 1741 1145 1824 posuimus
1178 1741 1318 1802 casulam
1355 1760 1549 1824 purpuream
1581 1763 1638 1824 per

374 1851 513 1913 condam
538 1850 729 1914 Michaelem
754 1850 954 1933 prepositum
979 1847 1111 1910 ecclesie
1128 1846 1246 1924 datam,
1271 1860 1302 1908 et
1315 1847 1461 1928 insigniis
1484 1849 1550 1908 suis
1573 1848 1636 1927 sig-

374 1971 493 2038 natam,
518 1977 591 2020 cum
615 1957 768 2020 omnibus
791 1957 856 2018 suis
879 1954 1071 2018 attinenciis.

481 2063 558 2125 Item
583 2064 623 2126 ad
648 2063 783 2125 eandem
819 2063 929 2124 cistam
962 2061 1129 2144 posuimus
1161 2059 1240 2120 duas
1271 2059 1394 2142 pellves
1417 2059 1565 2141 optimas,
1589 2080 1637 2121 ar-

374 2182 516 2251 genteas.

480 2275 558 2338 ltem
583 2273 703 2336 ibidem
728 2274 895 2356 posuimus
919 2272 1035 2334 calices
1059 2291 1132 2335 cum
1156 2291 1213 2333 sua
1230 2285 1346 2353 patena
1371 2284 1402 2333 et
1426 2290 1499 2333 curn
1524 2291 1637 2354 corpo-

375 2382 444 2462 rali,
469 2381 607 2445 condam
632 2380 755 2442 domini
782 2379 929 2459 Osualdi,
956 2398 1076 2440 novum
1110 2392 1141 2440 et
1172 2377 1344 2460 optimum,
1376 2376 1565 2439 deauratum
1589 2397 1637 2438 ar·

374 2503 539 2570 genteum.

480 2595 558 2658 ltem
583 2595 623 2656 ad
648 2594 784 2657 eandem
809 2593 920 2655 cistam
945 2592 1112 2675 posuimus
1137 2590 1216 2652 duaa
1244 2608 1343 2671 cupas
1368 2609 1500 2670 magnas
1523 2609 1636 2670 argen-

374 2717 451 2782 teas,
475 2702 654 2780 deauratas,
679 2721 752 2763 cum
777 2701 842 2762 suis
859 2699 1069 2782 coopertoriis
1089 2718 1145 2781 per
1161 2695 1300 2758 eundem
1325 2696 1494 2757 dominum
1520 2695 1636 2758 Osual-

375 2809 452 2900 dum
477 2809 664 2891 episcopum
690 2827 747 2890 pro
771 2807 964 2869 solennitate
989 2804 1077 2867 Cene
1104 2803 1235 2866 Domini
1260 2802 1391 2883 legatas.

480 2915 559 2977 ltem
584 2915 751 2997 posuimus
776 2912 895 2974 ibidem
921 2911 1051 2974 terciam
1069 2929 1185 2993 cupam
1216 2921 1412 2990 argenteam,
1437 2908 1635 2988 deauratam,

375 3041 447 3084 cum
472 3041 530 3083 suo
555 3020 737 3102 copertorio
761 3037 835 3081 cum
859 3017 996 3080 condam
1022 3017 1237 3100 Alphonsium
1269 3015 1469 3098 prepositum
1502 3017 1635 3078 ecclesie

376 3127 494 3191 datam.

482 3232 560 3295 ltem
586 3232 706 3295 ibidem
730 3231 898 3314 posuimus
923 3249 1021 3292 unam
1038 3228 1179 3290 casulam
1207 3229 1314 3290 albam
1339 3228 1379 3289 de
1403 3227 1539 3290 atthlacz
1564 3247 1636 3289 cum

375 3358 441 3400 uno
465 3337 622 3399 humerali
646 3351 677 3400 et
707 3357 773 3399 uno
797 3334 964 3418 manipulo
988 3354 1061 3396 cum
1085 3354 1178 3396 cruce
1202 3353 1308 3412 aurea,
1334 3333 1485 3416 insignita
1509 3334 1635 3414 signeto

376 3445 500 3506 domini
526 3442 660 3505 Osualdi
686 3443 838 3526 episcopi.

481 3550 561 3612 ltem
586 3569 686 3611 unum
720 3569 853 3631 parvum
886 3548 994 3608 velum
1026 3547 1065 3608 de
1098 3544 1245 3625 atthlacz,
1277 3565 1366 3608 more
1392 3545 1534 3608 musaico
1559 3563 1638 3606 auro

377 3672 538 3722 ornatum.

481 3763 561 3825 ltem
586 3761 704 3824 ibidem
730 3761 898 3842 posuimus
922 3780 1019 3822 unam
1045 3759 1184 3821 casulam
1211 3778 1283 3821 cum
1309 3759 1461 3821 omnibus
1485 3757 1551 3819 suis
1567 3758 1638 3820 atti-

364 3853 499 3932 nenciis
523 3870 562 3930 de
587 3887 727 3950 purpura
751 3867 873 3950 optima
897 3866 1076 3949 pawonacii
1111 3866 1238 3944 coloris,
1263 3885 1338 3927 curn
1363 3864 1488 3927 duabus
1512 3864 1638 3942 strictis,

375 3976 523 4038 similiter
546 3973 725 4056 purpureis,
749 3974 896 4035 similiter
920 3973 1063 4034 eiusdem
1088 3971 1215 4034 coloris.

483 4081 560 4142 ltem
585 4081 624 4142 ad
638 4079 774 4142 eandem
792 4079 902 4141 cistam
919 4079 1085 4160 posuimus
1102 4097 1202 4139 unum
1222 4075 1419 4139 Crucifixum
1437 4089 1636 4158 argenteum,

377 4189 577 4266 deauratum,
602 4206 675 4249 curn
701 4187 839 4268 imagine
865 4183 1077 4265 Maghdalene
1101 4185 1249 4246 similiter
1272 4183 1435 4246 deaurata.

483 4293 560 4354 ltem
585 4294 752 4376 posuimus
776 4293 896 4354 ibidem
915 4291 995 4352 duas
1019 4311 1138 4374 cuppas
1155 4291 1304 4373 optimas,
1323 4289 1504 4372 dupplatas,
1528 4307 1640 4371 argen-

377 4415 444 4463 teas
468 4415 498 4462 et
520 4401 699 4478 deauratas,
723 4398 762 4460 ad
789 4399 910 4461 Cenam
937 4398 1069 4461 Domini
1094 4399 1300 4480 pertinentes.

483 4507 561 4569 ltem
586 4507 652 4567 duo
677 4505 867 4567 candelabra
892 4506 1017 4566 minora
1036 4517 1185 4586 argentea
1206 4503 1323 4586 partim
1348 4522 1426 4564 auro
1444 4515 1566 4579 ornata,
1592 4501 1639 4562 in-

378 4613 490 4694 signiis
515 4613 639 4674 domini
664 4612 810 4675 Osualdi.

485 4717 562 4779 ltem
596 4738 693 4780 unam
726 4719 865 4781 casulam
898 4731 1081 4780 veteranam
1118 4717 1158 4778 de
1191 4717 1312 4799 optima
1353 4735 1495 4798 purpura
1530 4716 1640 4792 rubea,

383 4825 504 4905 absque
526 4825 591 4886 suis
615 4825 804 4902 attinenciis,
829 4838 860 4886 et
882 4843 982 4886 unum
1008 4842 1143 4902 parvum
1168 4822 1277 4884 velum
1303 4823 1342 4883 de
1366 4821 1504 4883 atthlacz
1528 4822 1639 4882 rubea.

486 4930 562 4992 ltem
590 4932 628 4992 ad
656 4931 791 4990 eandem
816 4931 925 4990 cistam
951 4929 1118 5011 posuimus
1136 4948 1231 4990 unam
1258 4928 1398 4990 casulam
1423 4929 1567 5004 rubeam,
1586 4945 1641 4987 au-

382 5038 493 5116 ra'tam,
518 5050 712 5114 veteranam,
737 5036 891 5118 optimam
917 5037 1038 5118 absque
1062 5035 1127 5097 suis
1152 5035 1340 5097 attinenciis.
