3804 5798
983 1543 1063 1622 vll.

394 1793 498 1868 Anno
534 1790 643 1868 1513.
674 1791 913 1868 inventarium
933 1813 996 1866 are
1024 1792 1132 1867 beate
1153 1789 1313 1866 Barbare
1332 1789 1481 1888 virginis
1506 1797 1545 1864 et
1564 1811 1655 1863 mar-

395 1917 473 1992 tiris
503 1939 545 1993 ac
574 1915 756 2015 prebende
785 1915 829 1990 de
859 1915 1039 1990 maccellis
1069 1939 1134 2014 per
1162 1923 1396 1990 executorem
1425 1913 1576 1988 condam
1595 1912 1655 2014 Jo-

395 2039 520 2116 hannis
550 2040 594 2115 de
633 2039 763 2131 Pedes,
802 2038 1044 2137 prebendarii,
1084 2039 1230 2113 domino
1268 2036 1422 2112 Martino
1460 2036 1505 2112 de
1534 2035 1657 2112 Brinio

597 2164 800 2238 successori
830 2162 989 2238 eiusdem
1014 2161 1185 2260 Johannis
1214 2162 1452 2260 assignatum.

500 2408 578 2471 Item
603 2409 708 2490 primo
733 2407 795 2469 due
824 2427 933 2469 mense
959 2427 1075 2488 magne

501 2514 573 2577 Una
597 2515 706 2577 tabula
731 2534 841 2576 mense
867 2534 940 2576 cum
965 2515 1111 2596 pedibus.

501 2620 610 2682 Unum
634 2641 689 2682 vas
713 2620 778 2682 vini
804 2621 1007 2682 cubulorum.
1033 2621 1097 2684 LV.
1121 2620 1161 2683 de
1185 2623 1314 2704 propria
1339 2621 1442 2684 vinea.

501 2726 575 2788 Duo
599 2726 728 2788 vascula
751 2727 843 2804 aceti,
870 2726 975 2807 plena.

500 2833 592 2896 Unus
615 2853 670 2893 vas
693 2833 760 2894 vini
784 2832 901 2894 acetosi
927 2851 1094 2913 magnum,
1120 2853 1220 2916 usque
1246 2833 1462 2896 medietatem.

503 2939 585 3002 Octo
610 2959 683 2999 vasa
708 2939 850 3020 antiqua.

501 3045 640 3107 Scutelle
664 3045 770 3126 lignee
794 3064 909 3125 magne
934 3045 1024 3124 Xlll.,
1049 3046 1189 3108 minores
1213 3065 1340 3109 novem.

499 3151 667 3215 Coclearia
691 3152 799 3232 lignea
823 3152 892 3215 XV.

502 3257 589 3318 Diaei
614 3257 755 3318 minores
777 3257 874 3319 XLV.

500 3363 608 3443 Vulgo
632 3363 820 3447 lakomycze
844 3363 918 3441 due,
944 3383 1007 3424 una
1032 3364 1148 3443 maior,
1173 3365 1311 3426 secunda
1337 3366 1452 3428 minor.

500 3469 602 3530 Vinea
626 3471 708 3531 bene
733 3469 828 3534 culta.

500 3573 630 3636 Thraha
656 3575 757 3638 ferrea
782 3595 855 3638 una.

501 3681 612 3743 Fenile
637 3701 738 3742 uuum
762 3701 835 3742 cum
858 3693 941 3742 terra
965 3695 996 3742 et
1020 3680 1107 3742 aliud
1125 3680 1222 3743 fenile
1246 3702 1320 3745 cum
1345 3682 1439 3744 certis
1462 3682 1563 3744 terris.

499 3787 577 3849 Tria
600 3787 780 3869 pulvinario
793 3799 825 3849 et
848 3787 914 3848 duo
930 3787 1047 3849 cussini
1070 3807 1144 3849 cum
1161 3788 1391 3872 cooperotoriis
1409 3789 1562 3869 ipsorum,
1579 3787 1658 3848 satis

394 3895 518 3957 usitata.

501 3998 649 4062 Cervical
674 4019 774 4060 onum
800 4018 872 4061 cum
901 4001 1105 4083 coopertorio
1129 4020 1198 4064 suo.

502 4105 633 4188 Sponde
658 4105 732 4170 due.

502 4212 648 4275 Seccuris
671 4231 735 4274 uua
760 4231 886 4294 magna.

501 4317 611 4380 Unum
636 4318 777 4380 mensale
802 4319 970 4400 antiquum
996 4333 1027 4381 et
1051 4319 1116 4380 duo
1141 4321 1340 4402 manutergia
1366 4340 1460 4382 nova.

501 4424 649 4498 Quatuor
673 4424 771 4503 dolia,
796 4425 862 4486 duo
886 4444 970 4486 nova
995 4439 1025 4486 et
1054 4425 1119 4488 duo
1144 4426 1288 4508 antiqua.

502 4531 642 4612 Ligones
666 4544 813 4612 quatuor.
1188 4529 1190 4534 ’

502 4636 662 4698 Scrinium
688 4655 789 4698 unum
813 4656 966 4720 maguum
1000 4638 1040 4699 ad
1065 4637 1320 4700 conservandum
1345 4635 1552 4702 frumentum.

501 4741 621 4803 Sedilia
645 4743 704 4803 tria
729 4755 760 4804 et
784 4762 884 4804 unum
910 4763 1111 4826 scampnum.

501 4847 652 4930 Schaphii
677 4848 754 4928 duo,
779 4868 878 4910 unum
904 4852 1039 4930 bonum,
1063 4850 1151 4912 aliud
1176 4849 1355 4931 antiquum.

502 4954 610 5016 Thine
635 4955 708 5033 due,
736 4975 798 5017 una
824 4956 918 5034 valet,
943 4957 1005 5018 alia
1030 4957 1144 5018 usitata
1170 4969 1226 5020 est.
