3804 5798
846 1581 941 1661 Xlll.

266 1832 400 1929 (Anno)
449 1833 558 1909 1513.
601 1833 840 1910 Inventanium
878 1833 1109 1933 prepositure
1148 1833 1257 1909 beate
1294 1834 1444 1932 virginis
1484 1833 1529 1909 de

267 1956 439 2050 Abbacia
458 1957 554 2056 quod
574 1956 640 2032 fuit
660 1957 783 2033 datum
803 1957 848 2032 ad
869 1980 994 2032 manus
1015 1956 1200 2031 reverendi
1230 1955 1362 2031 domini
1383 1956 1528 2032 Andree

267 2081 430 2181 episcopi
468 2081 695 2158 Rosonensis
733 2089 771 2157 et
809 2081 1049 2157 archidiaconi
1087 2103 1130 2155 ac
1173 2080 1334 2155 canonici
1375 2080 1528 2156 ecclesie

266 2205 528 2304 zagrabiensiS,
556 2207 590 2280 in
612 2205 813 2281 custodiam
834 2205 879 2281 ad
908 2213 1061 2306 teinpus
1090 2228 1155 2305 per
1184 2211 1399 2280 executores
1428 2228 1527 2280 reve-

267 2328 367 2404 rendi
404 2329 556 2405 condam
594 2329 726 2404 domini
764 2325 939 2428 Stephani
978 2329 1140 2429 episcopi
1177 2327 1415 2422 Rosonensis,
1455 2337 1525 2404 etc.

373 2575 449 2638 ltem
475 2577 580 2658 primo
604 2595 713 2637 mense
739 2576 801 2638 due
827 2596 898 2639 cum
925 2575 1050 2639 ladulis.

373 2682 512 2764 Ligones
536 2681 688 2743 meliores
714 2683 836 2747 decem.

373 2788 454 2849 Tres
477 2807 603 2850 secures
628 2787 775 2852 maiores.

373 2895 454 2956 Tres
477 2915 603 2957 secures
627 2895 778 2958 minores.

373 3002 453 3063 Tria
476 3002 605 3064 vascula
630 3002 722 3064 aceti.

373 3108 477 3169 Pelvis
501 3127 618 3190 cuprea
643 3128 718 3186 una,
745 3109 839 3172 bona.

373 3214 451 3276 Tria
475 3215 641 3297 capisteria
667 3214 799 3277 maiora.

374 3321 512 3384 Centena
537 3322 602 3384 duo
627 3321 869 3405 Coryntiorum.

375 3427 488 3490 Cribra
513 3428 589 3492 duo.

373 3533 451 3596 Item
475 3554 538 3596 una
562 3535 685 3618 sponda
711 3549 742 3597 et
766 3534 831 3596 duo
856 3533 1054 3598 linteamina.

374 3639 446 3702 Duo
471 3641 588 3702 cussini
618 3641 693 3704 albi.

375 3745 483 3809 Unum
508 3747 741 3830 suppellectile.

375 3851 504 3934 Sponde
530 3853 637 3934 lignee
666 3853 740 3918 due.

373 3959 560 4022 Ventilabra
583 3980 638 4022 seu
664 3960 791 4022 flabella
815 3961 885 4024 tria.

374 4064 452 4127 ltem
477 4065 616 4129 caldaria
645 4082 793 4148 quatuor.

374 4171 491 4234 Veruta
517 4171 619 4235 ferrea
646 4173 722 4234 duo.

375 4275 542 4340 Chathene
567 4279 668 4341 ferree
693 4279 755 4340 due
780 4279 819 4340 ad
846 4279 952 4341 locuni
978 4300 1035 4363 pro
1061 4281 1214 4343 caldario,

373 4383 539 4467 Amphore
564 4385 627 4446 due
652 4405 710 4466 pro
735 4388 955 4448 conservando
980 4387 1065 4452 oleo,

375 4489 534 4572 Cuspides
558 4491 629 4556 due.

374 4595 483 4658 Unum
510 4597 739 4658 candelabrum
764 4599 803 4658 ad
828 4612 890 4659 tres
915 4599 1072 4663 candelas.

375 4701 453 4762 Item
478 4715 540 4764 tres
566 4704 655 4768 idrie.

375 4807 457 4869 Tres
485 4808 592 4894 thyne

375 4913 457 4976 Tres
482 4928 623 4979 metrete.

376 5021 445 5082 Due
470 5023 546 5085 ciste
571 5041 686 5104 magne
711 5043 768 5105 pro
794 5025 1014 5085 conservando
1041 5023 1213 5089 frumento,
