3810 5806
659 1609 786 1705 (Anno
814 1607 971 1695 Domini
998 1605 1368 1708 mocoooxmtm.)

395 1947 484 2022 ltem
513 1947 546 2021 in
568 1969 661 2022 anno
678 1944 821 2020 Domini
838 1945 1025 2020 millesimo
1051 1946 1406 2046 quadringentesimo
1422 1947 1660 2044 nonagesimo

396 2072 521 2171 primo
549 2079 713 2168 tempore
729 2069 908 2167 judicatus
930 2071 1067 2169 providi
1097 2081 1136 2145 et
1162 2069 1306 2144 honesti
1331 2069 1456 2170 Jacobi
1485 2069 1660 2164 Alemani,

395 2195 455 2270 filii
485 2193 606 2285 Vlrici‚
636 2195 796 2268 moderni
820 2195 961 2290 judicis,
990 2217 1141 2294 presens
1180 2193 1388 2268 kathemutn
1424 2202 1482 2268 est
1518 2193 1658 2288 lactum,

547 2318 604 2392 die
633 2317 812 2392 dominico
842 2318 876 2391 in
905 2317 1003 2393 festo
1032 2319 1130 2394 beati
1160 2316 1313 2393 Dionisii
1343 2319 1510 2392 martiris.

928 2569 970 2648 (9.
994 2566 1139 2646 octobris).

504 2708 600 2781 Quod
634 2707 708 2788 quia
742 2708 781 2768 ad
814 2708 1001 2769 mandatum
1037 2709 1248 2770 literatorium
1280 2707 1473 2768 serenissimi
1508 2706 1661 2788 principis

396 2815 532 2877 condam
559 2814 682 2875 domini
713 2813 832 2875 Mathie
865 2815 948 2895 regis
985 2814 1162 2894 Hungarie,
1199 2813 1352 2875 Bohemie
1387 2829 1446 2874 etc.
1473 2813 1565 2874 nobis
1590 2831 1659 2892 pre-

398 2923 537 3003 ceptorie
569 2940 703 2998 sonans,
739 2940 811 2980 curn
848 2919 970 2981 honore
1010 2921 1192 3002 accepimus
1225 2920 1410 2981 huiusmodi
1443 2921 1502 2980 sub
1534 2932 1664 2980 tenore:

399 3027 536 3089 Mathias
567 3027 618 3088 dei
649 3027 755 3106 gracia
788 3027 964 3107 Hungarie,
986 3027 1142 3089 Bohemie
1174 3041 1231 3088 etc.
1266 3047 1330 3104 rex,
1366 3027 1495 3106 duxque
1521 3026 1659 3087 Austrie.

398 3134 564 3195 Fidelibus
590 3134 705 3194 nostris
729 3133 941 3214 prudentibus
973 3147 1003 3194 et
1035 3133 1272 3214 circumspectis
1305 3132 1402 3211 judici
1429 3147 1459 3194 et
1485 3131 1595 3213 juratis
1619 3131 1663 3191 ci-

397 3241 490 3301 vibus
514 3239 650 3301 civitatis
674 3255 781 3300 nostre
808 3239 1088 3319 Montisgreceosis
1104 3239 1241 3301 salutem
1267 3254 1297 3301 et
1322 3239 1476 3320 graciam.
1502 3239 1586 3312 Quia
1604 3257 1663 3298 nos

397 3362 464 3408 tum
490 3347 529 3407 ad
556 3347 788 3407 nonnullorum
813 3345 957 3407 fidelium
990 3361 1171 3408 nostrorum
1205 3345 1385 3407 humillime
1410 3345 1662 3427 supplicationis

398 3453 587 3515 instanciam
612 3473 668 3534 per
693 3473 749 3514 vos
782 3467 887 3514 nostre
923 3469 1090 3534 propterea
1123 3468 1267 3534 porrecte
1300 3453 1469 3529 Maiestati,
1493 3466 1562 3513 tum
1587 3470 1663 3512 vero

399 3559 607 3621 consideratis
631 3559 784 3621 fidelitate
810 3573 840 3620 et
872 3560 1015 3620 serviciis
1048 3559 1151 3621 fidelis
1185 3561 1284 3621 nostri
1318 3558 1538 3640 circumspecti
1564 3558 1661 3619 Seba-

399 3665 492 3727 stiani
517 3665 556 3726 de
581 3665 724 3743 Nandor,
749 3666 826 3727 civis
851 3666 996 3726 eiusdem
1023 3667 1158 3727 civitatis
1184 3681 1289 3727 nostre
1309 3665 1589 3745 Montisgrecensis
1607 3683 1663 3746 per

399 3792 472 3834 eum
497 3792 584 3833 sacre
609 3772 767 3852 imprimis
792 3772 880 3852 regni
913 3773 1010 3834 nostri
1039 3773 1204 3854 Hungarie
1226 3792 1343 3834 corone
1369 3787 1398 3834 et
1423 3771 1540 3832 deinde
1565 3772 1664 3832 Maie-

398 3881 469 3942 stati
495 3893 602 3942 nostre
627 3879 713 3960 juxta
737 3899 793 3940 sue
811 3880 1032 3960 possibilitatis
1049 3879 1248 3958 exigentiam
1271 3879 1420 3940 exhibitis
1444 3892 1474 3939 et
1500 3878 1664 3959 impensis,

398 3987 561 4069 quandam
587 3987 721 4048 domurn
753 3986 914 4068 lapideam
949 3986 979 4045 in
1014 3987 1127 4046 eadent
1163 3987 1290 4046 civitate
1326 3999 1430 4046 nostra
1457 3985 1663 4065 incontigua

401 4093 563 4155 vicinitate
596 4093 768 4153 domorum
810 4112 827 4152 a
861 4092 1066 4152 meridionali
1107 4093 1326 4174 circumspecti
1361 4093 1498 4153 condam
1532 4091 1664 4172 Georgii

401 4198 551 4282 Klarych,
576 4219 592 4258 a
616 4198 869 4280 septemtrionali
896 4218 972 4258 vero
1005 4198 1149 4279 partibus
1174 4200 1248 4259 lure
1283 4197 1428 4278 pellihcis
1453 4219 1490 4257 ex
1515 4197 1664 4279 opposito

399 4305 520 4366 scilicet
544 4305 638 4365 turris
670 4305 800 4365 ecclesie
833 4307 931 4365 sancti
959 4305 1055 4364 Marci
1090 4305 1243 4382 habitam,
1276 4307 1307 4365 in
1333 4306 1423 4365 cuius
1447 4303 1581 4386 pacifico
1607 4303 1664 4364 do·

401 4413 501 4474 minio
528 4412 612 4472 idem
639 4411 843 4473 Sebastianus
868 4409 1026 4492 prelatum
1060 4412 1196 4472 condam
1223 4411 1399 4492 Georgium
1428 4409 1565 4492 Klarych
1593 4429 1662 4490 pre·

401 4520 603 4581 decessorem
629 4538 721 4578 suum
748 4539 785 4578 ex
810 4517 990 4578 donacione
1025 4533 1130 4579 nostra
1164 4539 1219 4600 per
1251 4535 1372 4580 certum
1398 4533 1525 4600 tempus
1550 4517 1661 4598 persti-

400 4627 474 4688 tisse
499 4645 597 4706 seque
623 4625 788 4705 persistere
813 4637 957 4685 asserunt
983 4625 1083 4685 eciam
1102 4625 1140 4685 de
1160 4625 1308 4706 presenti,
1331 4623 1427 4684 simul
1452 4643 1525 4683 curn
1544 4623 1665 4683 cunctis

401 4733 466 4793 suis
499 4731 690 4792 utilitatibus
723 4745 752 4790 et
785 4730 991 4811 pertinenciis
1026 4731 1225 4811 quibuslibet
1257 4731 1418 4812 premissis
1452 4745 1486 4790 ut
1510 4727 1665 4810 prefertur

401 4839 557 4898 stantibus
581 4849 611 4897 et
635 4856 667 4896 se
693 4835 886 4897 habentibus
911 4853 1089 4898 memorato
1112 4837 1311 4914 Sebastian0,
1336 4837 1467 4917 suisque
1492 4835 1664 4896 heredibus

402 4957 432 5005 et
457 4943 694 5025 posteritatibus
720 4943 876 5003 universis
899 4943 1009 5023 vigore
1034 4943 1169 5004 aliarum
1188 4943 1352 5005 literarum
1377 4957 1484 5004 nostre
1507 4961 1588 5003 nove
1607 4941 1664 5002 do·

402 5051 545 5112 nacionis
569 5051 663 5110 titulo
688 5051 803 5112 exinde
821 5048 1037 5111 confectarum
1063 5051 1095 5111 in
1113 5063 1305 5133 perpetuum
1331 5050 1537 5129 contulimus,
1562 5047 1662 5111 fideli·
