3840 5800
987 1585 1068 1665 Xll.

398 1835 618 1934 Regestrum
640 1858 875 1936 expensarum
900 1859 1008 1936 super
1026 1835 1220 1912 fracturam
1240 1837 1406 1936 lapidum,
1436 1837 1658 1936 aliommque

396 1960 632 2058 negociorum
672 1961 717 2036 ad
754 1960 925 2036 fabricam
965 1969 1003 2036 et
1039 1968 1257 2036 structuram
1293 1961 1401 2038 muris
1439 1969 1477 2036 et
1509 1962 1658 2036 turrium

398 2106 463 2182 pro
494 2083 706 2160 defensione
740 2083 895 2160 ecclesie
932 2085 1047 2160 sancti
1085 2084 1184 2184 regis
1215 2081 1389 2184 Stephani
1418 2083 1595 2160 factarum
1622 2086 1657 2160 in

819 2229 913 2284 anno
943 2205 1089 2284 Domini
1123 2207 1233 2282 1512.

503 2454 578 2516 ltem
605 2455 769 2516 dominico
795 2456 826 2516 in
851 2454 933 2518 festo
958 2457 1041 2517 beati
1068 2457 1165 2517 Marci
1184 2455 1389 2537 ewangeliste
1414 2453 1545 2518 luerunt
1561 2477 1653 2540 apre-

397 2561 470 2622 ciati
495 2561 634 2622 sedecim
659 2562 807 2624 homines
831 2582 903 2623 cum
927 2561 1085 2644 Gregorio
1103 2563 1270 2624 subiudice
1294 2563 1334 2623 de
1359 2562 1595 2626 Markwssoucz
1614 2565 1653 2626 ad

394 2666 589 2749 frangendos
613 2669 746 2750 lapides,
771 2670 888 2750 quibus
912 2669 1096 2748 singillatim
1122 2669 1214 2732 datus
1234 2667 1293 2731 luit
1320 2669 1361 2730 ad
1388 2669 1456 2730 dies
1479 2669 1654 2734 duodecim

395 2773 462 2837 flor.
488 2774 511 2850 Ι,
536 2793 661 2835 summa
686 2774 760 2837 lecit
790 2822 847 2838 ...
871 2775 939 2838 flor.
962 2774 1045 2838 XVl.

502 2881 581 2943 ltem
606 2895 722 2942 eotunc
748 2881 807 2943 luit
823 2883 990 2944 ordinatus
1014 2883 1158 2944 Andreas
1174 2883 1326 2965 predialis
1342 2882 1468 2944 domini
1494 2884 1656 2945 Reveren-

397 2987 520 3048 dissimi
545 3007 640 3068 super
664 2988 750 3068 ipsos
766 2988 963 3050 laboratores
986 2989 1175 3050 sollicitator
1200 3003 1230 3050 et
1246 2989 1521 3072 superattendens,
1547 2989 1598 3051 cui
1615 2990 1656 3052 ad

394 3093 462 3154 dies
486 3093 657 3155 duodecim
683 3093 774 3155 datus
798 3091 931 3158 luit...
955 3094 1022 3158 flor.
1047 3095 1057 3156 l
1083 3095 1155 3158 den.
1181 3093 1250 3158 XX.

501 3199 578 3260 ltem
604 3214 722 3261 eotunc
745 3201 875 3262 Andrea
900 3199 990 3262 fabro
1016 3202 1055 3263 de
1080 3202 1151 3263 vico
1168 3215 1313 3264 sutorum
1338 3221 1397 3282 pro
1421 3199 1656 3264 reformacioue

395 3319 554 3366 certorum
582 3306 868 3368 instrumentorum
902 3323 932 3367 et
965 3308 1168 3388 ingeniorum
1195 3327 1252 3388 pro
1282 3304 1469 3388 frangendis
1493 3307 1658 3391 lapidibus

395 3412 624 3492 dispositorum
650 3413 743 3475 datus
768 3412 827 3474 luit
844 3461 851 3476 .
868 3462 899 3476 ..
928 3413 997 3477 flor.
1022 3414 1043 3476 l.
1069 3415 1141 3478 den.
1165 3412 1233 3478 XX.

500 3518 577 3579 ltem
603 3532 720 3580 eotunc
744 3519 891 3614 similiter
916 3520 1091 3582 benedicto
1116 3518 1206 3582 fabro
1232 3522 1271 3583 de
1296 3521 1411 3584 eodem
1435 3522 1508 3583 vico
1531 3541 1590 3604 pro
1608 3541 1657 3584 re·

394 3622 593 3686 formacioue
618 3626 729 3686 talium
755 3627 1053 3704 instrumentorum,
1078 3627 1170 3689 datus
1195 3643 1314 3692 est...
1337 3627 1406 3692 flor.
1430 3627 1451 3692 l.

501 3731 578 3792 ltem
603 3732 635 3792 in
661 3733 775 3792 eodem
801 3730 882 3793 festo
913 3733 1013 3794 sancti
1040 3733 1138 3794 Marci
1167 3735 1266 3816 empti
1291 3749 1364 3796 sunt
1388 3733 1536 3796 claviculi
1561 3732 1657 3795 ferrei

394 3857 453 3919 pro
478 3837 584 3900 futura
609 3839 872 3902 necessitate...
896 3838 964 3903 flor.
988 3839 1097 3923 V11¹l,.

501 3945 578 4006 ltern
603 3959 719 4007 eotunc
744 3945 872 4006 cuidam
905 3944 1070 4026 currilero,
1094 3948 1150 4029 qui
1182 3948 1250 4030 ipsa
1284 3947 1477 4010 ferramenta
1501 3946 1657 4010 conduxit

393 4051 434 4110 ad
460 4065 603 4113 montem
630 4053 684 4112 ubi
709 4052 831 4134 lapides
856 4050 1057 4134 franguntur,
1081 4055 1145 4115 dati
1178 4069 1253 4118 sunt
1268 4104 1276 4120 .
1292 4103 1323 4120 ..
1351 4055 1422 4119 den.
1446 4055 1497 4119 Vl.

499 4157 576 4219 ltem
610 4171 726 4219 eotunc
759 4158 887 4219 cuidam
919 4157 1068 4220 familiari
1101 4161 1225 4222 domiui
1257 4161 1431 4244 prepositi,
1464 4161 1520 4242 qui
1544 4180 1655 4223 versus

394 4263 568 4325 Chasmam
594 4263 652 4325 fuit
685 4265 798 4326 missus
830 4265 861 4324 in
887 4267 1030 4346 negociis
1062 4267 1206 4347 ecclesie,
1228 4287 1285 4350 pro
1319 4267 1465 4351 expensis
1490 4267 1554 4330 dati
1579 4281 1653 4330 sunt

393 4369 516 4432 denarii
535 4418 542 4432 .
560 4418 593 4434 ..
617 4368 716 4433 XXV.

499 4476 576 4538 ltem
602 4479 748 4558 sequenti
774 4478 825 4540 die
850 4479 978 4540 Andrea
1002 4475 1094 4541 fabro
1114 4499 1173 4562 pro
1199 4480 1418 4564 disposicione
1442 4481 1538 4543 unius
1561 4478 1657 4544 malei

395 4582 503 4662 magni
529 4581 594 4643 dati
619 4597 692 4644 sunt
710 4633 716 4648 .
733 4631 764 4648 ..
789 4583 860 4646 den.
886 4583 978 4647 XLll.

501 4690 579 4750 ltem
604 4690 779 4751 Benedicto
812 4689 902 4752 labro
935 4693 1049 4753 iterum
1075 4713 1136 4774 pro
1167 4692 1403 4758 reformacione
1428 4696 1655 4757 instrumento·

394 4815 463 4856 rum
491 4797 588 4877 vulgo
617 4797 795 4880 (illegabile)
820 4798 883 4860 dati
910 4813 983 4859 sunt
1000 4845 1007 4861 .
1026 4848 1032 4862 .
1051 4848 1058 4862 .
1086 4799 1148 4861 den
1165 4849 1172 4864 .
1189 4849 1220 4866 ..

499 4902 575 4963 ltem
610 4903 755 4964 Andreas
786 4905 938 4986 predialis
971 4925 1066 4988 super
1098 4910 1279 4970 attencione
1312 4909 1501 4972 eorumdem
1533 4910 1659 4971 labora·

393 5019 501 5067 torum
526 5008 638 5069 habuit
661 5009 700 5070 ad
725 5010 794 5072 dies
819 5011 1067 5075 duodecim...
1092 5013 1161 5081 flor.
1187 5016 1208 5078 l.
1238 5015 1309 5080 den,
1335 5013 1403 5082 XX.
