3810 5806
358 558 398 620 92
888 545 975 602 Anno
997 555 1089 625 1509.

358 753 457 815 bitem
482 767 512 814 et
536 754 735 832 existentem,
760 754 899 816 mediam
925 755 1047 818 curiam
1071 756 1112 817 ad
1140 775 1233 820 usum
1254 747 1342 820 ¹dicte
1367 759 1505 822 civitatis
1529 761 1561 821 in
1586 781 1619 822 se

358 859 588 938 continentem,
622 860 719 921 simul
746 880 820 922 cum
853 862 1006 923 omnibus
1038 863 1180 924 eiusdem
1215 863 1332 925 domus
1356 881 1479 928 murate
1504 868 1620 928 utilita-

356 966 452 1044 tibus,
477 966 600 1048 juribus
624 982 655 1030 et
678 969 885 1050 pertinenciis
909 969 1066 1030 universis
1089 969 1158 1031 viro
1180 969 1319 1053 provido
1343 985 1374 1032 et
1398 971 1534 1034 honesto
1558 973 1619 1034 Va·

357 1073 480 1135 lentino
501 1071 568 1135 filio
592 1074 713 1136 Vrbani
735 1074 911 1158 lagathych
929 1075 1015 1137 dicto
1032 1075 1072 1138 de
1090 1075 1310 1162 Czyglyuena,
1335 1097 1372 1139 ac
1388 1097 1445 1160 per
1461 1098 1535 1140 eum
1554 1081 1620 1141 suis

356 1178 528 1241 heredibus
552 1199 609 1262 pro
633 1181 805 1243 duodecim
830 1180 899 1245 flor.
923 1183 992 1244 auri
1010 1171 1238 1265 perpetualiter
1255 1184 1481 1260 vendidimus;
1505 1186 1622 1248 adiun-

356 1287 460 1346 ximus
487 1287 587 1348 eciam
606 1287 836 1349 nichilominus
853 1289 959 1350 eidem
976 1288 1150 1351 Valentino
1167 1304 1198 1351 et
1215 1310 1272 1372 per
1288 1310 1491 1373 consequens
1508 1292 1620 1354 domui

356 1392 501 1454 eiusdem
525 1393 638 1454 turrim
663 1408 804 1456 nostram
828 1415 1046 1474 communem,
1071 1411 1106 1458 ut
1134 1396 1220 1457 idem
1245 1396 1436 1458 Valentinus
1459 1413 1490 1459 et
1514 1400 1617 1460 cuncti

356 1498 491 1560 heredes
514 1501 561 1560 sui
594 1519 651 1562 seu
683 1520 891 1580 successores,
916 1501 1032 1564 domus
1064 1501 1185 1585 prefate
1220 1503 1283 1565 sint
1307 1524 1506 1586 possessores
1538 1505 1620 1567 eius-

357 1605 442 1684 dem,
456 1621 487 1668 et
509 1607 601 1668 liberi
619 1627 678 1690 pro
695 1607 788 1670 libito
806 1608 948 1690 ipsorum
969 1622 1098 1671 restam
1117 1607 1300 1673 inferiorius
1317 1611 1350 1672 in
1376 1611 1504 1690 celario,
1522 1631 1619 1693 quam

356 1713 457 1774 eciam
481 1710 628 1795 superius
652 1729 760 1776 tenere
784 1729 815 1776 et
839 1734 1038 1794 conservare,
1063 1715 1149 1777 salva
1174 1729 1281 1778 tamen
1306 1718 1539 1780 communitate
1563 1738 1618 1779 ne·

356 1820 518 1898 cessitatis,
544 1821 597 1900 ita,
622 1822 710 1903 quod
736 1821 821 1883 idem
846 1821 1038 1884 Valentinus
1061 1835 1092 1884 et
1120 1823 1225 1885 cuncti
1250 1823 1393 1884 eiusdem
1418 1843 1617 1888 successores

358 1926 475 1988 dictam
509 1928 621 1989 turrim
657 1941 764 2010 tegere
797 1941 829 1990 et
852 1929 911 1989 sub
935 1941 1056 1990 tectura
1081 1943 1190 1990 tenere
1214 1930 1395 2011 sumptibus
1419 1943 1450 1991 et
1473 1931 1620 2013 expensis

356 2033 499 2114 ipsorum
523 2036 718 2096 tenebuntur
749 2049 780 2096 et
812 2049 905 2097 erunt
928 2033 1073 2116 obligati.
1109 2036 1226 2096 Datum
1251 2034 1328 2097 feria
1353 2051 1439 2098 sexta
1472 2037 1617 2118 proxima

355 2155 426 2222 post
451 2139 567 2202 festum
593 2139 845 2223 Epiphaniarum
874 2142 1014 2204 Domini.
1041 2147 1136 2202 Anno
1162 2142 1293 2203 Domini
1326 2143 1501 2205 millesimo
1523 2142 1616 2225 quin·

355 2248 535 2327 gentesimo
568 2261 701 2323 octavo;
724 2249 774 2309 cui
800 2248 872 2310 data
897 2261 944 2310 est
967 2248 1057 2309 litera
1086 2247 1305 2330 privilegialis.

462 2353 538 2416 Item
564 2354 652 2434 quod
677 2354 751 2436 quia
777 2373 884 2415 coram
911 2368 1017 2415 nostra
1050 2354 1281 2415 communitate
1305 2354 1407 2436 proba
1431 2367 1462 2414 et
1485 2353 1620 2415 honesta
1644 2359 1659 2381 ⁴

355 2458 471 2520 mulier
497 2459 595 2520 Elena
621 2460 758 2522 condam
784 2461 911 2543 providi
944 2461 1036 2523 Pauli
1066 2460 1233 2540 Horwath,
1266 2460 1421 2543 quasdam
1447 2460 1526 2522 duas
1549 2479 1621 2542 par·

354 2565 468 2627 ticulas
492 2565 634 2628 vineales
666 2586 749 2646 suas,
781 2587 878 2628 unam
912 2567 1170 2629 condicionalem
1202 2568 1322 2629 cultam
1353 2567 1449 2629 aliam
1481 2587 1557 2628 vero
1581 2567 1619 2628 li·

355 2673 465 2746 beram
489 2685 520 2734 et
544 2671 712 2752 desertam,
738 2674 770 2735 in
794 2674 957 2736 territorio
990 2687 1097 2735 nostre
1129 2673 1276 2751 civitatis,
1302 2675 1384 2736 inter
1409 2674 1538 2735 vineam
1563 2692 1619 2734 no-

354 2777 428 2839 bilis
452 2791 483 2840 et
506 2779 727 2862 circumspecti
753 2780 892 2842 Emerici
917 2780 1045 2858 literati,
1070 2779 1148 2841 alias
1165 2779 1299 2841 senioris
1323 2778 1439 2860 judicis
1463 2779 1576 2857 nostri,
1601 2799 1619 2840 a

354 2885 608 2966 septemtrionali
634 2899 665 2946 et
689 2888 729 2948 ab
754 2887 903 2948 orientali
937 2886 1041 2968 plagis
1074 2905 1174 2967 usque
1207 2885 1342 2947 fluvium
1367 2905 1423 2946 seu
1448 2885 1620 2948 decursum

354 3010 437 3073 aque
462 2991 623 3074 pluvialis,
649 3013 664 3054 a
690 2992 894 3054 meridionali
920 2994 1013 3053 vinea
1039 2992 1122 3054 Petri
1149 2991 1281 3053 Bednalr
1306 3005 1337 3054 et
1361 2993 1401 3053 ab
1425 2990 1620 3053 occidentali

354 3099 498 3180 partibus
523 3099 615 3160 vinea
641 3100 759 3161 nobilis
795 3114 825 3161 et
858 3099 1079 3179 circumspecti
1113 3097 1269 3159 lobannis
1301 3098 1445 3180 Posegay
1471 3097 1620 3159 moderni

354 3204 470 3284 judicis
506 3207 616 3284 nostri,
649 3207 811 3268 mediante
844 3206 983 3287 quadam
1017 3205 1067 3266 via
1100 3205 1176 3287 ipsis
1207 3206 1364 3266 ambabus
1387 3204 1491 3265 vineis
1514 3204 1619 3264 deser·

354 3312 471 3390 viente,
499 3313 594 3374 simul
620 3332 692 3374 cum
719 3313 871 3374 omnibus
895 3313 1035 3394 ipsarum
1067 3311 1204 3372 duarum
1236 3311 1402 3371 vinearum
1428 3310 1621 3371 utilitatibus

355 3417 555 3498 quibuslibet
580 3417 717 3500 provido
742 3419 811 3479 viro
836 3418 962 3478 Primus
986 3391 1111 3478 concili
1142 3429 1252 3477 nostro
1276 3435 1312 3476 ac
1337 3415 1438 3476 Elene
1462 3413 1527 3476 filie
1552 3433 1620 3492 sue,

352 3523 491 3603 genitori
517 3523 667 3586 videlicet
690 3543 749 3586 suo
773 3523 863 3586 dedit
896 3539 927 3586 et
959 3523 1092 3584 donavit
1124 3522 1369 3604 perpetualiter;
1394 3521 1620 3602 cuiusquidem

353 3630 586 3691 condicionalis
609 3631 701 3693 vinee
726 3629 867 3713 prefatus
891 3630 1017 3691 Primus
1041 3648 1099 3710 pro
1135 3628 1313 3710 perpetuali
1338 3627 1555 3688 eliberacioue
1580 3626 1619 3687 ad

354 3736 563 3798 colendinum
588 3737 688 3798 sancti
714 3737 796 3799 Petri
822 3751 886 3798 tres
909 3735 979 3798 flor.
1008 3735 1123 3812 solvit;
1147 3735 1221 3796 ideo
1246 3753 1305 3795 nos
1329 3734 1466 3795 eandem
1492 3733 1618 3794 vineam

353 3843 612 3904 condicionalem
644 3844 778 3904 liberam
819 3842 1050 3926 perpetualiter
1081 3838 1226 3903 fecimus.
1260 3839 1379 3901 Datum
1411 3837 1490 3900 feria
1522 3837 1620 3900 tercia

353 3963 426 4011 ante
451 3949 567 4011 festum
586 3951 787 4032 Margarethe
804 3951 937 4032 virginis
955 3962 986 4010 et
1003 3948 1149 4012 martiris.
1172 3951 1268 4008 Anno
1286 3946 1419 4008 Domini
1445 3945 1619 4007 millesimo

353 4057 614 4137 quingentesimo
639 4071 771 4134 octavo;
805 4057 855 4118 cui
881 4057 955 4118 data
980 4068 1026 4118 est
1048 4054 1141 4115 litera
1164 4053 1384 4136 privilegialis.
