3804 5798
1007 1557 1110 1638 XVl.

428 1787 668 1865 Inventarium
702 1812 765 1865 are
803 1797 929 1865 sancte
967 1788 1156 1866 Trinitatis
1193 1790 1228 1865 in
1270 1790 1427 1867 ecclesia
1461 1791 1690 1891 zagrabiensi

428 1913 576 1989 fundate
605 1914 701 1989 circa
728 1913 927 1989 columnam
958 1914 1110 1990 mediam
1143 1914 1300 1991 ecclesie
1329 1923 1415 2015 post
1441 1937 1542 1990 aram
1562 1923 1687 1992 sancte

427 2035 588 2112 Barbare
615 2037 780 2137 virginis,
811 2037 934 2114 datum
954 2045 993 2114 et
1017 2040 1245 2138 assignatum
1272 2062 1337 2138 per
1364 2039 1605 2152 venerabilem
1626 2039 1687 2114 do-

427 2161 558 2236 minum
595 2159 814 2260 Gregorium
860 2161 1149 2238 archidiaconum
1187 2159 1465 2239 Camarcensem
1508 2171 1547 2238 et
1584 2185 1688 2238 cano-

426 2283 542 2360 nicum
571 2284 726 2360 ecclesie
744 2286 1004 2385 aagrabiensis
1032 2287 1207 2386 predicte,
1240 2286 1287 2362 ad
1315 2309 1441 2361 manus
1470 2285 1688 2362 honorabilis

427 2408 559 2484 domini
600 2403 790 2484 Benedicti
826 2409 871 2484 de
909 2406 1083 2485 Omnibus
1130 2409 1266 2486 sanctis
1305 2433 1419 2510 prope
1458 2409 1687 2510 Zagrabiam,

426 2533 654 2633 prebendarii
692 2541 731 2610 et
765 2535 920 2610 rectoris
958 2533 1054 2609 dicte
1092 2557 1155 2610 are
1194 2541 1322 2610 sancte
1351 2533 1553 2620 Trinitatis,
1583 2557 1687 2634 prop

426 2665 541 2745 terea,
570 2663 610 2734 ut
637 2657 894 2757 prebendarius
923 2665 962 2733 et
990 2664 1113 2734 rector
1151 2657 1294 2758 prefate
1324 2681 1388 2734 are
1417 2665 1544 2734 sancte
1573 2657 1686 2734 Trini-

426 2781 527 2870 tatis,
555 2803 621 2880 pro
651 2787 817 2880 tempore
846 2781 1018 2874 existens,
1057 2789 1139 2857 oret
1167 2804 1233 2881 pro
1272 2781 1465 2882 refrigerio
1494 2783 1686 2858 animarum

426 2902 512 2979 dicti
540 2903 673 2980 domini
709 2903 894 3004 Gregorii.
932 2913 1121 3004 parentum
1160 2913 1198 2980 et
1235 2905 1509 2982 benefactorum
1543 2928 1687 2981 suorum

425 3051 468 3104 ac
496 3029 662 3115 omnium,
691 3029 749 3128 qui
768 3027 966 3105 addictam
986 3051 1085 3106 aram
1105 3029 1249 3130 aliquod
1269 3030 1434 3106 auxilium
1453 3030 1684 3130 prebuerunt

906 3253 1004 3323 (Oirea
1021 3271 1091 3310 aaa.
1110 3257 1201 3324 1522.)

809 3450 1022 3524 Quantum
1055 3450 1103 3512 ad
1128 3451 1304 3516 domurn.

532 3611 609 3673 ltem
642 3611 800 3695 imprimis
845 3630 929 3673 unus
968 3611 1080 3695 ciphus
1120 3612 1159 3674 de
1191 3632 1272 3676 nuce
1305 3612 1410 3675 indica
1442 3632 1514 3675 cum
1554 3625 1683 3695 argento

425 3719 620 3782 circumdata
645 3717 685 3781 ad
717 3717 852 3780 modum
886 3738 1000 3802 cuppe,
1032 3719 1065 3780 in
1102 3739 1168 3802 quo
1200 3732 1274 3782 sunt
1298 3719 1421 3802 argenti
1444 3719 1584 3782 lottones
1608 3739 1682 3802 qua·

424 3826 615 3889 tuordecim.

529 3931 607 3994 ltem
633 3943 771 4014 quatuor
795 3931 951 3994 coclearia
975 3945 1136 4014 argentea,
1168 3951 1231 4014 que
1264 3932 1444 4015 ponderant
1475 3933 1599 4014 argenti
1622 3932 1680 3994 lot-

423 4052 518 4101 tonea
538 4051 660 4120 septem
686 4051 717 4100 et
741 4038 871 4119 quintus
902 4037 1055 4102 medium.

530 4142 608 4205 ltem
632 4157 771 4225 quatuor
802 4143 920 4204 cantari
953 4144 993 4204 de
1025 4157 1152 4223 stanno,
1184 4145 1272 4224 boui,
1304 4163 1387 4206 unus
1420 4143 1563 4207 continet
1587 4163 1679 4205 unam

423 4251 557 4333 piatam,
581 4251 661 4313 alter
678 4269 775 4312 unam
791 4250 931 4313 mediam
949 4251 1083 4334 piatam,
1100 4251 1217 4314 tercius
1235 4271 1334 4313 unum
1351 4251 1480 4316 terciale
1505 4265 1536 4314 et
1552 4265 1680 4334 quartus

422 4358 569 4420 similiter
592 4377 693 4419 uuum
718 4357 858 4420 terciale.

528 4465 607 4527 ltem
632 4477 771 4547 quatuor
794 4465 927 4528 scutelle
951 4464 990 4526 de
1015 4478 1141 4546 stanno,
1165 4485 1291 4548 magne,
1316 4467 1411 4528 bone.

528 4571 607 4634 Item
631 4571 694 4633 due
719 4571 867 4632 similiter
890 4570 930 4632 de
954 4584 1082 4652 stanno,
1106 4591 1203 4656 parve
1226 4571 1283 4634 sed
1307 4573 1402 4634 boue.

528 4677 606 4740 ltem
632 4691 770 4760 quatuor
794 4676 873 4738 disci
897 4677 937 4740 de
961 4690 1086 4758 stanno,
1111 4679 1199 4744 boni.

528 4784 605 4846 ltem
631 4784 697 4845 duo
721 4784 876 4846 mensalia
900 4804 993 4847 nova.

528 4893 606 4954 ltem
631 4912 695 4954 una
718 4891 819 4975 pelvis
843 4893 939 4970 bona,
963 4910 1036 4953 cum
1061 4891 1203 4960 floribus.

528 4999 604 5064 Item
632 5019 694 5066 una
718 5019 829 5065 mensa
852 5018 979 5084 magna,
