<?xml version="1.0" encoding="UTF-8"?>
<!DOCTYPE html PUBLIC "-//W3C//DTD XHTML 1.0 Transitional//EN"
    "http://www.w3.org/TR/xhtml1/DTD/xhtml1-transitional.dtd">
<html xmlns="http://www.w3.org/1999/xhtml" xml:lang="en" lang="en">
 <head>
  <title>
</title>
<meta http-equiv="Content-Type" content="text/html;charset=utf-8" />
  <meta name='ocr-system' content='tesseract 3.04.00' />
  <meta name='ocr-capabilities' content='ocr_page ocr_carea ocr_par ocr_line ocrx_word'/>
</head>
<body>
  <div class='ocr_page' id='page_1' title='image "./monumentahistor19laszgoog_0139.png"; bbox 0 0 3810 5806; ppageno 0'>
   <div class='ocr_carea' id='block_1_1' title="bbox 202 491 1473 2928">
    <p class='ocr_par' dir='ltr' id='par_1_1' title="bbox 206 491 1473 1008">
     <span class='ocr_line' id='line_1_1' title="bbox 738 491 1473 584; baseline -0.004 -24"><span class='ocrx_word' id='word_1_1' title='bbox 738 504 824 560; x_wconf 82' lang='lat' dir='ltr'>Anno</span> <span class='ocrx_word' id='word_1_2' title='bbox 848 497 939 577; x_wconf 81' lang='lat'><em>1506.</em></span> <span class='ocrx_word' id='word_1_3' title='bbox 1431 491 1473 584; x_wconf 74' lang='lat'>87</span> 
     </span>
     <span class='ocr_line' id='line_1_2' title="bbox 206 711 1471 796; baseline 0.001 -23"><span class='ocrx_word' id='word_1_4' title='bbox 206 732 323 793; x_wconf 89' lang='lat' dir='ltr'>sponse</span> <span class='ocrx_word' id='word_1_5' title='bbox 348 713 499 775; x_wconf 91' lang='lat' dir='ltr'>videlicet</span> <span class='ocrx_word' id='word_1_6' title='bbox 524 713 622 796; x_wconf 91' lang='lat' dir='ltr'>ipsius</span> <span class='ocrx_word' id='word_1_7' title='bbox 639 731 698 794; x_wconf 91' lang='lat' dir='ltr'>pro</span> <span class='ocrx_word' id='word_1_8' title='bbox 720 711 893 774; x_wconf 85' lang='lat' dir='ltr'>duodecim</span> <span class='ocrx_word' id='word_1_9' title='bbox 912 712 981 774; x_wconf 89' lang='lat' dir='ltr'>flor.</span> <span class='ocrx_word' id='word_1_10' title='bbox 1006 714 1074 774; x_wconf 91' lang='lat' dir='ltr'>auri</span> <span class='ocrx_word' id='word_1_11' title='bbox 1091 713 1288 775; x_wconf 88' lang='lat' dir='ltr'>vendidisset</span> <span class='ocrx_word' id='word_1_12' title='bbox 1311 727 1342 774; x_wconf 92' lang='lat' dir='ltr'>et</span> <span class='ocrx_word' id='word_1_13' title='bbox 1358 725 1471 774; x_wconf 92' lang='lat' dir='ltr'>contu·</span> 
     </span>
     <span class='ocr_line' id='line_1_3' title="bbox 206 817 1471 902; baseline 0.002 -23"><span class='ocrx_word' id='word_1_14' title='bbox 206 819 296 880; x_wconf 88' lang='lat' dir='ltr'>lisset</span> <span class='ocrx_word' id='word_1_15' title='bbox 320 818 387 900; x_wconf 87' lang='lat' dir='ltr'>jure</span> <span class='ocrx_word' id='word_1_16' title='bbox 413 835 570 902; x_wconf 88' lang='lat' dir='ltr'>perpetuo</span> <span class='ocrx_word' id='word_1_17' title='bbox 594 817 843 902; x_wconf 88' lang='lat' dir='ltr'>possidendam;</span> <span class='ocrx_word' id='word_1_18' title='bbox 876 819 926 881; x_wconf 91' lang='lat' dir='ltr'>cui</span> <span class='ocrx_word' id='word_1_19' title='bbox 960 819 1032 880; x_wconf 89' lang='lat' dir='ltr'>data</span> <span class='ocrx_word' id='word_1_20' title='bbox 1058 833 1105 882; x_wconf 92' lang='lat' dir='ltr'>est</span> <span class='ocrx_word' id='word_1_21' title='bbox 1137 819 1227 881; x_wconf 89' lang='lat' dir='ltr'>litera</span> <span class='ocrx_word' id='word_1_22' title='bbox 1251 819 1471 901; x_wconf 81' lang='lat' dir='ltr'>privilegialis.</span> 
     </span>
     <span class='ocr_line' id='line_1_4' title="bbox 206 924 1222 1008; baseline 0.003 -22"><span class='ocrx_word' id='word_1_23' title='bbox 206 924 326 988; x_wconf 87' lang='lat' dir='ltr'>Datum</span> <span class='ocrx_word' id='word_1_24' title='bbox 350 925 401 988; x_wconf 90' lang='lat' dir='ltr'>die</span> <span class='ocrx_word' id='word_1_25' title='bbox 426 925 591 988; x_wconf 90' lang='lat' dir='ltr'>dominico</span> <span class='ocrx_word' id='word_1_26' title='bbox 616 927 647 987; x_wconf 93' lang='lat' dir='ltr'>in</span> <span class='ocrx_word' id='word_1_27' title='bbox 673 924 815 1008; x_wconf 79' lang='lat' dir='ltr'>profesto</span> <span class='ocrx_word' id='word_1_28' title='bbox 846 924 1086 988; x_wconf 88' lang='lat' dir='ltr'>Purificacionis</span> <span class='ocrx_word' id='word_1_29' title='bbox 1111 925 1222 989; x_wconf 90' lang='lat' dir='ltr'>Marie.</span> 
     </span>
    </p>

    <p class='ocr_par' dir='ltr' id='par_1_2' title="bbox 202 1031 1473 2928">
     <span class='ocr_line' id='line_1_5' title="bbox 313 1031 1471 1114; baseline -0.002 -20"><span class='ocrx_word' id='word_1_30' title='bbox 313 1031 412 1106; x_wconf 92' lang='lat' dir='ltr'>Quod</span> <span class='ocrx_word' id='word_1_31' title='bbox 436 1032 512 1114; x_wconf 89' lang='lat' dir='ltr'>quia</span> <span class='ocrx_word' id='word_1_32' title='bbox 553 1051 613 1094; x_wconf 93' lang='lat' dir='ltr'>nos</span> <span class='ocrx_word' id='word_1_33' title='bbox 644 1032 860 1094; x_wconf 89' lang='lat' dir='ltr'>communitas</span> <span class='ocrx_word' id='word_1_34' title='bbox 893 1032 1174 1114; x_wconf 83' lang='lat' dir='ltr'>Montisgrecensis</span> <span class='ocrx_word' id='word_1_35' title='bbox 1206 1032 1298 1092; x_wconf 87' lang='lat' dir='ltr'>certis</span> <span class='ocrx_word' id='word_1_36' title='bbox 1329 1032 1471 1092; x_wconf 92' lang='lat' dir='ltr'>raciona-</span> 
     </span>
     <span class='ocr_line' id='line_1_6' title="bbox 207 1138 1473 1220; baseline 0 -20"><span class='ocrx_word' id='word_1_37' title='bbox 207 1139 327 1200; x_wconf 86' lang='lat' dir='ltr'>bilibus</span> <span class='ocrx_word' id='word_1_38' title='bbox 351 1138 391 1201; x_wconf 89' lang='lat' dir='ltr'>de</span> <span class='ocrx_word' id='word_1_39' title='bbox 415 1139 529 1218; x_wconf 86' lang='lat' dir='ltr'>causis,</span> <span class='ocrx_word' id='word_1_40' title='bbox 549 1139 708 1220; x_wconf 71' lang='lat' dir='ltr'>‘quasdam</span> <span class='ocrx_word' id='word_1_41' title='bbox 742 1139 821 1200; x_wconf 89' lang='lat' dir='ltr'>duas</span> <span class='ocrx_word' id='word_1_42' title='bbox 853 1139 1025 1220; x_wconf 88' lang='lat' dir='ltr'>particulas</span> <span class='ocrx_word' id='word_1_43' title='bbox 1056 1139 1198 1200; x_wconf 80' lang='lat' dir='ltr'><strong>vineales</strong></span> <span class='ocrx_word' id='word_1_44' title='bbox 1223 1139 1355 1199; x_wconf 86' lang='lat' dir='ltr'>ecclesie</span> <span class='ocrx_word' id='word_1_45' title='bbox 1380 1139 1473 1200; x_wconf 90' lang='lat' dir='ltr'>beate</span> 
     </span>
     <span class='ocr_line' id='line_1_7' title="bbox 203 1245 1471 1330; baseline 0 -24"><span class='ocrx_word' id='word_1_46' title='bbox 203 1245 347 1327; x_wconf 84' lang='lat' dir='ltr'><strong>Virginis</strong></span> <span class='ocrx_word' id='word_1_47' title='bbox 371 1245 537 1328; x_wconf 89' lang='lat' dir='ltr'>hospitalis</span> <span class='ocrx_word' id='word_1_48' title='bbox 560 1246 703 1330; x_wconf 77' lang='lat' dir='ltr'>predicte</span> <span class='ocrx_word' id='word_1_49' title='bbox 725 1245 977 1324; x_wconf 83' lang='lat' dir='ltr'>communitatis,</span> <span class='ocrx_word' id='word_1_50' title='bbox 1003 1246 1033 1306; x_wconf 91' lang='lat' dir='ltr'>in</span> <span class='ocrx_word' id='word_1_51' title='bbox 1051 1245 1212 1306; x_wconf 91' lang='lat' dir='ltr'>territorio</span> <span class='ocrx_word' id='word_1_52' title='bbox 1229 1258 1370 1326; x_wconf 88' lang='lat' dir='ltr'>pretacte</span> <span class='ocrx_word' id='word_1_53' title='bbox 1395 1245 1471 1306; x_wconf 87' lang='lat' dir='ltr'>civi-</span> 
     </span>
     <span class='ocr_line' id='line_1_8' title="bbox 202 1350 1473 1434; baseline 0 -22"><span class='ocrx_word' id='word_1_54' title='bbox 202 1352 288 1430; x_wconf 90' lang='lat' dir='ltr'>tatis,</span> <span class='ocrx_word' id='word_1_55' title='bbox 313 1352 475 1415; x_wconf 81' lang='lat' dir='ltr'>mediante</span> <span class='ocrx_word' id='word_1_56' title='bbox 500 1352 550 1414; x_wconf 92' lang='lat' dir='ltr'>via</span> <span class='ocrx_word' id='word_1_57' title='bbox 575 1353 739 1414; x_wconf 89' lang='lat' dir='ltr'>communi</span> <span class='ocrx_word' id='word_1_58' title='bbox 766 1353 847 1412; x_wconf 88' lang='lat' dir='ltr'>inter</span> <span class='ocrx_word' id='word_1_59' title='bbox 879 1350 1040 1434; x_wconf 90' lang='lat' dir='ltr'>predictas</span> <span class='ocrx_word' id='word_1_60' title='bbox 1071 1351 1212 1413; x_wconf 83' lang='lat' dir='ltr'>vineales</span> <span class='ocrx_word' id='word_1_61' title='bbox 1244 1350 1417 1432; x_wconf 89' lang='lat' dir='ltr'>particulas</span> <span class='ocrx_word' id='word_1_62' title='bbox 1442 1365 1473 1412; x_wconf 91' lang='lat' dir='ltr'>et</span> 
     </span>
     <span class='ocr_line' id='line_1_9' title="bbox 205 1456 1472 1541; baseline -0.002 -21"><span class='ocrx_word' id='word_1_63' title='bbox 205 1459 291 1522; x_wconf 90' lang='lat' dir='ltr'>inter</span> <span class='ocrx_word' id='word_1_64' title='bbox 326 1460 436 1521; x_wconf 91' lang='lat' dir='ltr'>vineas</span> <span class='ocrx_word' id='word_1_65' title='bbox 471 1457 632 1541; x_wconf 83' lang='lat' dir='ltr'>magnifici</span> <span class='ocrx_word' id='word_1_66' title='bbox 670 1459 793 1520; x_wconf 89' lang='lat' dir='ltr'>domini</span> <span class='ocrx_word' id='word_1_67' title='bbox 826 1458 963 1520; x_wconf 87' lang='lat' dir='ltr'>Emerici</span> <span class='ocrx_word' id='word_1_68' title='bbox 997 1457 1177 1537; x_wconf 88' lang='lat' dir='ltr'>Therelt,a</span> <span class='ocrx_word' id='word_1_69' title='bbox 1211 1456 1416 1518; x_wconf 84' lang='lat' dir='ltr'>meridionali</span> <span class='ocrx_word' id='word_1_70' title='bbox 1442 1473 1472 1518; x_wconf 93' lang='lat' dir='ltr'>et</span> 
     </span>
     <span class='ocr_line' id='line_1_10' title="bbox 205 1565 1471 1648; baseline -0.001 -22"><span class='ocrx_word' id='word_1_71' title='bbox 205 1565 399 1628; x_wconf 91' lang='lat' dir='ltr'>occidentali</span> <span class='ocrx_word' id='word_1_72' title='bbox 437 1579 468 1628; x_wconf 90' lang='lat' dir='ltr'>et</span> <span class='ocrx_word' id='word_1_73' title='bbox 500 1587 517 1627; x_wconf 94' lang='lat' dir='ltr'>a</span> <span class='ocrx_word' id='word_1_74' title='bbox 549 1565 801 1648; x_wconf 88' lang='lat' dir='ltr'>septemtrionali</span> <span class='ocrx_word' id='word_1_75' title='bbox 834 1579 941 1648; x_wconf 88' lang='lat' dir='ltr'>parte,</span> <span class='ocrx_word' id='word_1_76' title='bbox 973 1578 1004 1627; x_wconf 92' lang='lat' dir='ltr'>et</span> <span class='ocrx_word' id='word_1_77' title='bbox 1039 1568 1078 1628; x_wconf 87' lang='lat' dir='ltr'>ab</span> <span class='ocrx_word' id='word_1_78' title='bbox 1110 1565 1257 1627; x_wconf 86' lang='lat' dir='ltr'>orientali</span> <span class='ocrx_word' id='word_1_79' title='bbox 1291 1577 1378 1646; x_wconf 86' lang='lat' dir='ltr'>parte</span> <span class='ocrx_word' id='word_1_80' title='bbox 1413 1565 1471 1626; x_wconf 90' lang='lat' dir='ltr'>Mi-</span> 
     </span>
     <span class='ocr_line' id='line_1_11' title="bbox 205 1671 1471 1754; baseline 0 -22"><span class='ocrx_word' id='word_1_81' title='bbox 205 1671 327 1734; x_wconf 90' lang='lat' dir='ltr'>chaelis</span> <span class='ocrx_word' id='word_1_82' title='bbox 359 1673 475 1734; x_wconf 90' lang='lat' dir='ltr'>literati</span> <span class='ocrx_word' id='word_1_83' title='bbox 508 1672 670 1734; x_wconf 88' lang='lat' dir='ltr'>mediante</span> <span class='ocrx_word' id='word_1_84' title='bbox 702 1673 842 1754; x_wconf 92' lang='lat' dir='ltr'>quadam</span> <span class='ocrx_word' id='word_1_85' title='bbox 875 1673 1005 1754; x_wconf 90' lang='lat' dir='ltr'>antiqua</span> <span class='ocrx_word' id='word_1_86' title='bbox 1039 1673 1090 1733; x_wconf 91' lang='lat' dir='ltr'>via</span> <span class='ocrx_word' id='word_1_87' title='bbox 1122 1673 1162 1734; x_wconf 93' lang='lat' dir='ltr'>ab</span> <span class='ocrx_word' id='word_1_88' title='bbox 1187 1673 1254 1754; x_wconf 91' lang='lat' dir='ltr'>ipsa</span> <span class='ocrx_word' id='word_1_89' title='bbox 1279 1671 1471 1733; x_wconf 90' lang='lat' dir='ltr'>occidentali</span> 
     </span>
     <span class='ocr_line' id='line_1_12' title="bbox 204 1778 1470 1862; baseline -0.001 -22"><span class='ocrx_word' id='word_1_90' title='bbox 204 1793 305 1860; x_wconf 88' lang='lat' dir='ltr'>parte,</span> <span class='ocrx_word' id='word_1_91' title='bbox 330 1794 361 1840; x_wconf 93' lang='lat' dir='ltr'>et</span> <span class='ocrx_word' id='word_1_92' title='bbox 384 1781 424 1841; x_wconf 91' lang='lat' dir='ltr'>ab</span> <span class='ocrx_word' id='word_1_93' title='bbox 449 1779 597 1842; x_wconf 85' lang='lat' dir='ltr'>orientali</span> <span class='ocrx_word' id='word_1_94' title='bbox 622 1792 712 1860; x_wconf 88' lang='lat' dir='ltr'>parte</span> <span class='ocrx_word' id='word_1_95' title='bbox 736 1786 837 1862; x_wconf 88' lang='lat' dir='ltr'>usque</span> <span class='ocrx_word' id='word_1_96' title='bbox 866 1779 983 1842; x_wconf 89' lang='lat' dir='ltr'>vallem</span> <span class='ocrx_word' id='word_1_97' title='bbox 1017 1799 1073 1840; x_wconf 89' lang='lat' dir='ltr'>seu</span> <span class='ocrx_word' id='word_1_98' title='bbox 1098 1780 1267 1841; x_wconf 89' lang='lat' dir='ltr'>decursum</span> <span class='ocrx_word' id='word_1_99' title='bbox 1293 1798 1374 1860; x_wconf 90' lang='lat' dir='ltr'>aque</span> <span class='ocrx_word' id='word_1_100' title='bbox 1399 1778 1470 1860; x_wconf 92' lang='lat' dir='ltr'>plu·</span> 
     </span>
     <span class='ocr_line' id='line_1_13' title="bbox 205 1884 1472 1968; baseline 0 -22"><span class='ocrx_word' id='word_1_101' title='bbox 205 1885 309 1964; x_wconf 92' lang='lat' dir='ltr'>vialis,</span> <span class='ocrx_word' id='word_1_102' title='bbox 333 1907 350 1948; x_wconf 89' lang='lat' dir='ltr'>a</span> <span class='ocrx_word' id='word_1_103' title='bbox 376 1886 581 1948; x_wconf 87' lang='lat' dir='ltr'>meridionali</span> <span class='ocrx_word' id='word_1_104' title='bbox 606 1905 681 1948; x_wconf 88' lang='lat' dir='ltr'>vero</span> <span class='ocrx_word' id='word_1_105' title='bbox 714 1886 818 1968; x_wconf 81' lang='lat' dir='ltr'>plagis</span> <span class='ocrx_word' id='word_1_106' title='bbox 849 1905 947 1968; x_wconf 91' lang='lat' dir='ltr'>penes</span> <span class='ocrx_word' id='word_1_107' title='bbox 979 1886 1106 1948; x_wconf 90' lang='lat' dir='ltr'>vineam</span> <span class='ocrx_word' id='word_1_108' title='bbox 1142 1884 1298 1948; x_wconf 89' lang='lat' dir='ltr'>heredum</span> <span class='ocrx_word' id='word_1_109' title='bbox 1323 1904 1379 1946; x_wconf 86' lang='lat' dir='ltr'>seu</span> <span class='ocrx_word' id='word_1_110' title='bbox 1402 1905 1472 1946; x_wconf 90' lang='lat' dir='ltr'>suc·</span> 
     </span>
     <span class='ocr_line' id='line_1_14' title="bbox 204 1975 1473 2074; baseline -0.002 -20"><span class='ocrx_word' id='word_1_111' title='bbox 204 2013 368 2054; x_wconf 88' lang='lat' dir='ltr'>cessorum</span> <span class='ocrx_word' id='word_1_112' title='bbox 393 1993 530 2055; x_wconf 90' lang='lat' dir='ltr'>condam</span> <span class='ocrx_word' id='word_1_113' title='bbox 555 1991 711 2054; x_wconf 74' lang='lat' dir='ltr'>iohannis</span> <span class='ocrx_word' id='word_1_114' title='bbox 745 1992 846 2071; x_wconf 88' lang='lat' dir='ltr'>Hans,</span> <span class='ocrx_word' id='word_1_115' title='bbox 880 1993 959 2054; x_wconf 90' lang='lat' dir='ltr'>olim</span> <span class='ocrx_word' id='word_1_116' title='bbox 983 1993 1118 2054; x_wconf 90' lang='lat' dir='ltr'>senioris</span> <span class='ocrx_word' id='word_1_117' title='bbox 1148 1975 1243 2074; x_wconf 74' lang='lat' dir='ltr'>iurati</span> <span class='ocrx_word' id='word_1_118' title='bbox 1276 2004 1307 2053; x_wconf 93' lang='lat' dir='ltr'>et</span> <span class='ocrx_word' id='word_1_119' title='bbox 1330 1992 1473 2053; x_wconf 89' lang='lat' dir='ltr'>concivis</span> 
     </span>
     <span class='ocr_line' id='line_1_15' title="bbox 204 2098 1469 2178; baseline -0.001 -18"><span class='ocrx_word' id='word_1_120' title='bbox 204 2100 316 2178; x_wconf 88' lang='lat' dir='ltr'>nostri,</span> <span class='ocrx_word' id='word_1_121' title='bbox 341 2100 426 2178; x_wconf 88' lang='lat' dir='ltr'>sitas,</span> <span class='ocrx_word' id='word_1_122' title='bbox 452 2098 576 2160; x_wconf 89' lang='lat' dir='ltr'>habitas</span> <span class='ocrx_word' id='word_1_123' title='bbox 600 2114 631 2160; x_wconf 89' lang='lat' dir='ltr'>et</span> <span class='ocrx_word' id='word_1_124' title='bbox 655 2099 836 2177; x_wconf 80' lang='lat' dir='ltr'>existentes,</span> <span class='ocrx_word' id='word_1_125' title='bbox 860 2099 956 2160; x_wconf 89' lang='lat' dir='ltr'>simul</span> <span class='ocrx_word' id='word_1_126' title='bbox 981 2119 1054 2161; x_wconf 89' lang='lat' dir='ltr'>cum</span> <span class='ocrx_word' id='word_1_127' title='bbox 1080 2099 1233 2161; x_wconf 87' lang='lat' dir='ltr'>omnibus</span> <span class='ocrx_word' id='word_1_128' title='bbox 1257 2117 1367 2160; x_wconf 91' lang='lat' dir='ltr'>earum</span> <span class='ocrx_word' id='word_1_129' title='bbox 1392 2098 1469 2160; x_wconf 91' lang='lat' dir='ltr'>dua-</span> 
     </span>
     <span class='ocr_line' id='line_1_16' title="bbox 204 2204 1472 2288; baseline -0.001 -22"><span class='ocrx_word' id='word_1_130' title='bbox 204 2225 276 2267; x_wconf 88' lang='lat' dir='ltr'>rum</span> <span class='ocrx_word' id='word_1_131' title='bbox 311 2205 537 2288; x_wconf 89' lang='lat' dir='ltr'>particularum</span> <span class='ocrx_word' id='word_1_132' title='bbox 570 2204 745 2266; x_wconf 84' lang='lat' dir='ltr'>vinealium</span> <span class='ocrx_word' id='word_1_133' title='bbox 782 2205 973 2266; x_wconf 89' lang='lat' dir='ltr'>utilitatibus</span> <span class='ocrx_word' id='word_1_134' title='bbox 1007 2219 1038 2266; x_wconf 92' lang='lat' dir='ltr'>et</span> <span class='ocrx_word' id='word_1_135' title='bbox 1077 2205 1283 2287; x_wconf 89' lang='lat' dir='ltr'>pertinenciis</span> <span class='ocrx_word' id='word_1_136' title='bbox 1315 2205 1472 2266; x_wconf 90' lang='lat' dir='ltr'>universis</span> 
     </span>
     <span class='ocr_line' id='line_1_17' title="bbox 203 2311 1470 2394; baseline -0.001 -20"><span class='ocrx_word' id='word_1_137' title='bbox 203 2313 309 2375; x_wconf 92' lang='lat' dir='ltr'>nobili</span> <span class='ocrx_word' id='word_1_138' title='bbox 335 2313 475 2375; x_wconf 89' lang='lat' dir='ltr'>lohanni</span> <span class='ocrx_word' id='word_1_139' title='bbox 503 2313 636 2394; x_wconf 84' lang='lat' dir='ltr'>Posegaj</span> <span class='ocrx_word' id='word_1_140' title='bbox 670 2312 794 2373; x_wconf 88' lang='lat' dir='ltr'>concivi</span> <span class='ocrx_word' id='word_1_141' title='bbox 828 2326 938 2374; x_wconf 90' lang='lat' dir='ltr'>nostro</span> <span class='ocrx_word' id='word_1_142' title='bbox 970 2332 1006 2374; x_wconf 91' lang='lat' dir='ltr'>ac</span> <span class='ocrx_word' id='word_1_143' title='bbox 1030 2311 1210 2374; x_wconf 90' lang='lat' dir='ltr'>conthorali</span> <span class='ocrx_word' id='word_1_144' title='bbox 1243 2311 1387 2374; x_wconf 90' lang='lat' dir='ltr'>eiusdem</span> <span class='ocrx_word' id='word_1_145' title='bbox 1412 2332 1470 2394; x_wconf 91' lang='lat' dir='ltr'>pro</span> 
     </span>
     <span class='ocr_line' id='line_1_18' title="bbox 204 2417 1468 2501; baseline 0 -21"><span class='ocrx_word' id='word_1_146' title='bbox 204 2419 318 2482; x_wconf 89' lang='lat' dir='ltr'>decem</span> <span class='ocrx_word' id='word_1_147' title='bbox 344 2433 375 2480; x_wconf 89' lang='lat' dir='ltr'>et</span> <span class='ocrx_word' id='word_1_148' title='bbox 397 2435 520 2501; x_wconf 89' lang='lat' dir='ltr'>septem</span> <span class='ocrx_word' id='word_1_149' title='bbox 545 2418 614 2480; x_wconf 90' lang='lat' dir='ltr'>flor.</span> <span class='ocrx_word' id='word_1_150' title='bbox 639 2419 707 2480; x_wconf 91' lang='lat' dir='ltr'>auri</span> <span class='ocrx_word' id='word_1_151' title='bbox 736 2420 775 2480; x_wconf 89' lang='lat' dir='ltr'>ab</span> <span class='ocrx_word' id='word_1_152' title='bbox 793 2418 908 2480; x_wconf 89' lang='lat' dir='ltr'>eodem</span> <span class='ocrx_word' id='word_1_153' title='bbox 927 2418 1021 2499; x_wconf 90' lang='lat' dir='ltr'>plene</span> <span class='ocrx_word' id='word_1_154' title='bbox 1045 2419 1159 2480; x_wconf 90' lang='lat' dir='ltr'>levatis</span> <span class='ocrx_word' id='word_1_155' title='bbox 1183 2417 1328 2480; x_wconf 88' lang='lat' dir='ltr'>vendidit</span> <span class='ocrx_word' id='word_1_156' title='bbox 1352 2433 1383 2480; x_wconf 90' lang='lat' dir='ltr'>et</span> <span class='ocrx_word' id='word_1_157' title='bbox 1405 2431 1468 2480; x_wconf 93' lang='lat' dir='ltr'>tra·</span> 
     </span>
     <span class='ocr_line' id='line_1_19' title="bbox 203 2524 1470 2608; baseline -0.002 -21"><span class='ocrx_word' id='word_1_158' title='bbox 203 2525 287 2588; x_wconf 92' lang='lat' dir='ltr'>didit</span> <span class='ocrx_word' id='word_1_159' title='bbox 312 2525 379 2607; x_wconf 88' lang='lat' dir='ltr'>jure</span> <span class='ocrx_word' id='word_1_160' title='bbox 404 2540 560 2608; x_wconf 89' lang='lat' dir='ltr'>perpetuo</span> <span class='ocrx_word' id='word_1_161' title='bbox 585 2525 806 2608; x_wconf 89' lang='lat' dir='ltr'>possidendas,</span> <span class='ocrx_word' id='word_1_162' title='bbox 829 2524 890 2586; x_wconf 90' lang='lat' dir='ltr'>hoc</span> <span class='ocrx_word' id='word_1_163' title='bbox 918 2537 1026 2586; x_wconf 88' lang='lat' dir='ltr'>tamen</span> <span class='ocrx_word' id='word_1_164' title='bbox 1052 2544 1212 2606; x_wconf 85' lang='lat' dir='ltr'>expresso,</span> <span class='ocrx_word' id='word_1_165' title='bbox 1238 2524 1375 2606; x_wconf 91' lang='lat' dir='ltr'>qualiter</span> <span class='ocrx_word' id='word_1_166' title='bbox 1399 2544 1470 2607; x_wconf 90' lang='lat' dir='ltr'>pre-</span> 
     </span>
     <span class='ocr_line' id='line_1_20' title="bbox 202 2631 1470 2714; baseline -0.002 -20"><span class='ocrx_word' id='word_1_167' title='bbox 202 2632 268 2694; x_wconf 83' lang='lat' dir='ltr'>lata</span> <span class='ocrx_word' id='word_1_168' title='bbox 293 2633 509 2694; x_wconf 89' lang='lat' dir='ltr'>communitas</span> <span class='ocrx_word' id='word_1_169' title='bbox 533 2633 661 2694; x_wconf 91' lang='lat' dir='ltr'>racione</span> <span class='ocrx_word' id='word_1_170' title='bbox 686 2633 903 2714; x_wconf 89' lang='lat' dir='ltr'>predictarum</span> <span class='ocrx_word' id='word_1_171' title='bbox 928 2633 1093 2693; x_wconf 86' lang='lat' dir='ltr'>vineatum</span> <span class='ocrx_word' id='word_1_172' title='bbox 1120 2632 1179 2714; x_wconf 86' lang='lat' dir='ltr'>ipsi</span> <span class='ocrx_word' id='word_1_173' title='bbox 1205 2631 1338 2693; x_wconf 89' lang='lat' dir='ltr'>ecclesie</span> <span class='ocrx_word' id='word_1_174' title='bbox 1362 2633 1470 2713; x_wconf 86' lang='lat' dir='ltr'>hospi-</span> 
     </span>
     <span class='ocr_line' id='line_1_21' title="bbox 202 2737 1468 2822; baseline -0.002 -22"><span class='ocrx_word' id='word_1_175' title='bbox 202 2739 276 2800; x_wconf 89' lang='lat' dir='ltr'>talis</span> <span class='ocrx_word' id='word_1_176' title='bbox 294 2740 445 2800; x_wconf 88' lang='lat' dir='ltr'>meliores</span> <span class='ocrx_word' id='word_1_177' title='bbox 468 2741 578 2800; x_wconf 87' lang='lat' dir='ltr'>vineas</span> <span class='ocrx_word' id='word_1_178' title='bbox 595 2741 833 2821; x_wconf 82' lang='lat' dir='ltr'>augmentabit3</span> <span class='ocrx_word' id='word_1_179' title='bbox 852 2739 924 2800; x_wconf 91' lang='lat' dir='ltr'>data</span> <span class='ocrx_word' id='word_1_180' title='bbox 942 2753 989 2800; x_wconf 89' lang='lat' dir='ltr'>est</span> <span class='ocrx_word' id='word_1_181' title='bbox 1006 2739 1096 2801; x_wconf 91' lang='lat' dir='ltr'>litera</span> <span class='ocrx_word' id='word_1_182' title='bbox 1112 2738 1333 2822; x_wconf 83' lang='lat' dir='ltr'>privilegialis.</span> <span class='ocrx_word' id='word_1_183' title='bbox 1351 2737 1468 2798; x_wconf 90' lang='lat' dir='ltr'>Datum</span> 
     </span>
     <span class='ocr_line' id='line_1_22' title="bbox 203 2844 1351 2928; baseline 0.001 -22"><span class='ocrx_word' id='word_1_184' title='bbox 203 2845 256 2907; x_wconf 90' lang='lat' dir='ltr'>die</span> <span class='ocrx_word' id='word_1_185' title='bbox 280 2845 446 2908; x_wconf 89' lang='lat' dir='ltr'>dominico</span> <span class='ocrx_word' id='word_1_186' title='bbox 471 2846 503 2907; x_wconf 92' lang='lat' dir='ltr'>in</span> <span class='ocrx_word' id='word_1_187' title='bbox 528 2844 671 2928; x_wconf 79' lang='lat' dir='ltr'>profesto</span> <span class='ocrx_word' id='word_1_188' title='bbox 696 2844 936 2907; x_wconf 88' lang='lat' dir='ltr'>Purificacionis</span> <span class='ocrx_word' id='word_1_189' title='bbox 968 2845 1059 2907; x_wconf 92' lang='lat' dir='ltr'>beate</span> <span class='ocrx_word' id='word_1_190' title='bbox 1084 2845 1184 2907; x_wconf 88' lang='lat' dir='ltr'>Marie</span> <span class='ocrx_word' id='word_1_191' title='bbox 1209 2844 1351 2926; x_wconf 85' lang='lat' dir='ltr'>virginis.</span> 
     </span>
    </p>
   </div>
   <div class='ocr_carea' id='block_1_2' title="bbox 0 0 1910 5806">
    <p class='ocr_par' dir='ltr' id='par_1_3' title="bbox 0 0 1910 5806">
     <span class='ocr_line' id='line_1_23' title="bbox 0 0 1910 5806; baseline 0 1"><span class='ocrx_word' id='word_1_192' title='bbox 0 0 1910 5806; x_wconf 95' lang='lat' dir='ltr'> </span> 
     </span>
    </p>
   </div>
  </div>
 </body>
</html>
