3840 5800
417 604 480 666 274
959 582 1106 640 Ratioms.

521 794 599 856 Item
624 792 702 856 feria
726 792 865 855 secunda
889 793 953 854 emi
971 805 1001 854 et
1018 793 1090 854 misi
1118 791 1159 853 sd
1177 791 1276 872 Garig
1300 791 1425 873 pisces.
1443 839 1449 851 .
1466 839 1473 852 .
1489 789 1547 852 sol.
1563 787 1674 851 XLVI.

522 901 647 964 Eodem
671 901 724 962 die
747 901 811 962 emi
835 901 875 962 ad
901 899 1058 963 Gemlech
1082 899 1258 982 pisces...
1291 898 1350 960 soi.
1374 895 1547 960 XXXVIIi.

521 1007 600 1070 Item
626 1005 703 1068 feria
728 1021 840 1088 quarta
856 1020 930 1069 ante
955 1006 1175 1068 RemIniscere
1191 1007 1231 1068 ab
1255 1005 1443 1068 bominibus
1466 1003 1506 1066 de
1530 1003 1675 1088 Zyscban

417 1115 480 1177 emi
505 1115 682 1196 pisces...
707 1113 765 1176 sol.
791 1111 935 1176 XXXVI.
1005 1096 1007 1102 ⁵

524 1221 648 1282 Eodem
673 1221 726 1282 die
750 1220 813 1282 emi
838 1220 877 1282 ad
896 1219 995 1302 Garig
1019 1233 1050 1281 et
1074 1220 1144 1281 misi
1170 1219 1342 1303 pisces...
1368 1219 1426 1282 sol.
1448 1218 1518 1280 XL.

523 1327 602 1390 Item
627 1325 705 1388 seria
729 1341 816 1389 sexta
848 1341 922 1388 ante
955 1327 1152 1388 dominicam
1186 1326 1404 1388 Reminiscere
1436 1324 1508 1386 misi
1540 1323 1679 1386 Paulum

419 1436 628 1498 castellanum
654 1435 770 1496 iterum
794 1453 852 1516 pro
877 1433 1064 1495 hominibus
1096 1434 1192 1515 regiis
1224 1432 1525 1514 Inquisitorislibus,
1550 1430 1625 1492 dedi
1650 1431 1679 1492 ei

418 1543 457 1603 ad
482 1561 709 1624 expensas...
735 1541 792 1604 sol.
817 1539 946 1602 XXXII.

524 1647 649 1710 Eodem
675 1646 727 1708 die
751 1648 791 1708 ab
823 1646 1010 1708 bominibus
1041 1646 1081 1707 de
1116 1644 1262 1729 Zyscban
1295 1645 1358 1707 emi
1383 1644 1485 1728 pisces
1509 1643 1549 1705 ad
1582 1641 1673 1705 Gem·

420 1755 566 1818 lech...
591 1754 651 1816 sol.
678 1754 713 1816 L.

524 1859 603 1922 Item
635 1859 751 1920 eodem
784 1857 836 1918 die
868 1878 885 1919 s
917 1857 1090 1920 Valentino
1123 1857 1164 1920 de
1195 1857 1333 1940 Zwynar
1364 1857 1428 1919 emi
1460 1856 1574 1938 pisces,
1599 1875 1682 1937 quos

421 1967 494 2028 misi
520 1966 560 2028 ad
586 1965 685 2048 Garig
703 2011 711 2027 .
731 2015 734 2022 .
756 2012 763 2026 .
787 1964 848 2027 sol.
873 1965 907 2028 L.

525 2071 603 2135 Item
621 2071 834 2134 indominica
853 2071 1071 2133 Reminiscere
1088 2071 1161 2132 misi
1179 2069 1379 2132 Demetrium
1397 2089 1530 2152 parvum
1550 2069 1683 2132 deam

421 2179 502 2242 circs
527 2179 707 2257 dominum,
732 2177 772 2239 ad
797 2197 950 2260 expensas
974 2177 1048 2239 dedi
1068 2227 1074 2240 .
1094 2231 1098 2241 .
1119 2227 1125 2239 .
1150 2177 1209 2240 sol.
1234 2175 1269 2242 1⁶.

527 2285 651 2348 Eodem
677 2285 727 2346 die
753 2284 816 2346 erni
841 2283 953 2366 pisces,
977 2303 1117 2366 quorum
1134 2283 1340 2346 medietatem
1365 2282 1438 2344 misi
1462 2281 1503 2345 ad
1528 2280 1686 2364 Garig...

420 2393 480 2456 sol.
506 2389 647 2455 LXXIII.

526 2497 605 2562 Item
630 2498 745 2560 eodem
769 2497 822 2559 die
854 2497 926 2558 misi
952 2495 1131 2578 Georgium
1157 2497 1261 2580 Zykra
1293 2497 1333 2559 ad
1359 2497 1484 2580 Zenyer
1509 2510 1540 2558 et
1564 2496 1604 2558 ad
1630 2516 1683 2559 ex·

422 2626 536 2688 pensas
558 2603 632 2666 dedi
657 2605 760 2671 ei...
783 2603 842 2668 sol.
864 2601 948 2665 xv}-

526 2711 599 2773 Misi
616 2731 672 2793 per
689 2708 871 2794 Brodsrycb
888 2709 928 2770 ad
946 2709 1206 2772 distribuendum
1223 2710 1419 2793 pauperibus
1437 2759 1443 2771 .
1461 2757 1468 2772 .
1487 2760 1493 2774 .
1510 2710 1569 2774 sol.
1585 2706 1685 2774 XXV.

525 2816 604 2880 Item
629 2814 708 2878 feria
731 2816 830 2878 tercia
854 2816 918 2878 emi
943 2828 974 2877 et
998 2816 1071 2877 misi
1103 2815 1146 2878 ad
1170 2815 1271 2898 Garig
1294 2815 1420 2898 pisces.
1439 2865 1472 2881 ..
1497 2817 1555 2878 sol.
1584 2817 1618 2880 L.

528 2922 651 2986 Eodem
677 2922 730 2984 die
754 2923 817 2984 emi
841 2922 882 2983 ad
906 2920 1062 2984 Gemlech
1087 2923 1263 3004 pisces...
1295 2923 1354 2984 sol.
1381 2919 1447 2985 LX.

527 3029 606 3093 Item
632 3031 664 3092 in
689 3029 853 3091 dominica
877 3027 973 3090 Oculi
998 3029 1062 3090 emi
1086 3029 1260 3110 pisces...
1284 3029 1343 3090 soI.
1369 3029 1448 3094 LVI.

528 3135 606 3199 Item
632 3135 710 3198 Ieris
734 3148 847 3217 quarta
878 3135 1026 3216 sequenti
1058 3135 1121 3196 emi
1155 3135 1258 3217 pisces
1290 3135 1330 3198 ad
1364 3134 1520 3198 Gemlech
1540 3185 1545 3196 .
1566 3183 1598 3196 ..
1624 3135 1685 3198 sol.

423 3239 551 3308 XXXII.

532 3346 693 3411 Candelas
716 3367 828 3430 sepeas
852 3348 914 3410 emi
933 3398 940 3411 .
958 3393 988 3411 ..
1015 3347 1074 3410 sol.
1099 3343 1139 3409 X.

529 3453 607 3518 Item
633 3455 781 3515 miseram
804 3450 989 3516 Iohannem
1013 3452 1052 3514 de
1082 3453 1261 3515 Zalathnok
1285 3473 1358 3516 cum
1383 3475 1468 3536 equo
1494 3453 1619 3516 Bndam
1644 3452 1685 3515 ad

425 3561 594 3622 dominum
620 3560 713 3621 etad
739 3579 892 3642 expensas
916 3560 991 3622 dedi
1015 3560 1043 3621 ei
1062 3609 1069 3622 .
1087 3607 1119 3624 ..
1144 3559 1202 3622 sol.
1228 3557 1307 3622 II⁰L.

531 3664 609 3728 Item
635 3664 713 3728 feria
738 3680 850 3747 quarta
863 3680 936 3749 post
952 3664 1101 3747 Gregorii
1115 3666 1187 3728 misi
1205 3665 1245 3726 ad
1261 3663 1360 3747 Garig
1377 3665 1479 3747 pisces
1491 3721 1493 3725 .
1507 3713 1514 3728 .
1527 3715 1533 3728 .
1548 3667 1606 3730 sol.
1620 3661 1680 3727 LV

530 3771 609 3834 Item
634 3769 712 3834 feris
738 3773 850 3854 quinta
874 3772 1033 3853 Gregorio
1054 3792 1173 3854 magno
1190 3791 1248 3854 pro
1272 3771 1365 3833 dacio
1383 3770 1454 3834 festi
1477 3793 1501 3836 s.
1520 3771 1688 3834 Michaelis

425 3881 466 3942 de
491 3878 695 3942 Zenthmihal
719 3879 759 3940 ad
783 3880 972 3962 porcionem
996 3879 1141 3942 eiusdem
1176 3879 1403 3962 provenientes
1427 3879 1502 3941 dedi
1529 3928 1535 3942 .
1563 3929 1568 3942 .
1595 3928 1602 3942 .
1626 3879 1687 3943 soi,

426 3982 537 4050 XXVo.

532 4074 657 4154 Eodem
682 4093 735 4154 die
759 4091 834 4153 dedi
860 4091 999 4154 Iohanni
1023 4111 1123 4174 parvo
1147 4090 1358 4155 curriductori
1403 4140 1435 4155 ..
1461 4093 1519 4156 sol.
1544 4093 1581 4155 L.

536 4197 711 4260 Benedicto
737 4196 927 4280 fellaytharo
952 4197 1168 4260 eiusdem...
1200 4199 1259 4262 sol.
1283 4199 1319 4262 L.

532 4301 610 4366 Item
635 4302 714 4366 feria
737 4317 824 4366 sexta
846 4317 920 4366 ante
944 4304 1057 4366 Letare
1082 4304 1184 4386 pisces
1208 4305 1271 4366 emi
1289 4354 1296 4367 .
1313 4353 1343 4368 ..
1367 4305 1427 4367 sol.
1451 4304 1563 4370 XLVI.

533 4410 675 4471 Sabbato
699 4410 848 4472 sImiIiter
879 4423 952 4471 ante
985 4411 1098 4472 Letare
1130 4410 1203 4472 misi
1235 4411 1274 4472 ad
1300 4410 1410 4494 Garyg
1433 4412 1606 4494 pisces...
1629 4413 1689 4478 sol.

427 4513 581 4580 XLVIIII.

532 4618 613 4684 Item
628 4621 742 4684 eodem
760 4623 906 4700 sabbate,
923 4621 1088 4684 dominico
1106 4623 1158 4685 die
1176 4637 1207 4685 et
1230 4623 1440 4706 sequentibus
1456 4624 1571 4686 diebus
1587 4644 1690 4708 usque

429 4725 541 4788 feriam
565 4743 712 4810 quartam
737 4728 777 4789 ad
802 4727 957 4790 Gemlech
991 4743 1021 4789 et
1052 4729 1092 4790 ad
1124 4730 1284 4793 ditatores
1307 4743 1379 4794 taxe
1410 4731 1508 4814 regie,
1533 4732 1589 4813 qui
1612 4745 1691 4794 tunc

429 4846 519 4895 erant
542 4832 692 4913 Chasme,
716 4836 779 4896 emi
804 4849 835 4907 et
858 4837 989 4918 exposui
1014 4836 1186 4918 pisces...
1209 4839 1268 4902 sol.
1292 4839 1352 4904 l⁰L.

533 4939 611 5003 Item
635 4940 714 5003 feria
740 4955 851 5023 quarta
883 4957 956 5024 post
984 4944 1097 5005 Letare
1129 4945 1203 5006 dedi
1235 4943 1304 5008 filio
1330 4947 1443 5009 Berlek
1467 4947 1507 5010 de
1532 4946 1691 5026 Dombro,

430 5045 485 5125 qui
510 5059 582 5106 ante
608 5061 744 5108 castrum
769 5049 901 5129 parabat
924 5048 1080 5129 quasdam
1107 5069 1215 5134 naves,
1239 5051 1388 5116 dedi...
1411 5053 1469 5116 sol.
1492 5051 1562 5115 XX.
