3842 5802
369 533 408 592 28
901 537 985 592 Anno
1008 536 1099 611 1476.

473 746 571 819 Quod
596 745 672 826 quia
697 747 911 807 communitas
935 747 1071 808 civitatis
1092 747 1372 828 Montisgrecensis
1395 746 1542 810 vendidit
1565 748 1626 808 sibi

366 853 527 934 quandam
552 853 686 914 domurn
711 873 767 914 seu
799 851 935 914 fundum
968 873 984 913 a
1014 872 1121 934 quoa
1154 853 1263 914 multis
1288 853 1451 915 retroactis
1483 853 1575 914 annis
1599 868 1629 914 et

366 961 565 1040 temporibus
588 959 677 1020 nulla
702 959 833 1020 servicia
858 979 916 1019 nec
938 959 1028 1020 dacia
1046 978 1151 1040 neque
1175 959 1343 1039 vigilaturo
1370 960 1470 1020 imrno
1495 972 1526 1018 et
1550 959 1628 1020 nulli

366 1079 540 1146 proventus
564 1065 663 1126 nostri
689 1084 877 1125 communes
901 1066 941 1124 ab
977 1065 1089 1126 eadem
1125 1065 1224 1125 durno
1255 1079 1351 1144 atque
1376 1083 1440 1125 non
1466 1065 1628 1145 provenis·

366 1187 435 1232 sent
459 1190 563 1252 neque
597 1170 749 1252 persoluti
783 1169 927 1249 fuissent,
959 1189 1022 1250 que
1058 1171 1174 1232 domus
1205 1183 1265 1231 stat
1297 1171 1377 1231 inter
1402 1169 1535 1230 domurn
1562 1169 1626 1230 Ste-

366 1276 463 1358 phani
489 1277 616 1355 literati,
640 1297 658 1338 a
682 1291 770 1358 parte
796 1275 1012 1354 meridionali,
1037 1289 1068 1338 et
1091 1296 1108 1338 a
1133 1290 1222 1358 parte
1239 1275 1369 1337 australi
1394 1277 1477 1336 inter
1494 1275 1628 1337 domum

368 1383 541 1446 Katherine
566 1384 674 1444 relicte
699 1382 836 1444 condam
864 1383 1002 1460 Martini,
1020 1397 1083 1443 tres
1100 1396 1228 1463 quartas
1246 1383 1331 1443 curie
1357 1382 1389 1442 in
1413 1401 1446 1442 se
1463 1383 1629 1442 continen-

366 1504 441 1568 tem,
465 1490 565 1550 immo
589 1487 708 1571 prelata
733 1489 947 1550 communitas
978 1488 1123 1550 vendidit
1147 1488 1266 1550 Mathie
1298 1485 1437 1548 carnifici
1471 1501 1627 1569 perpetuo

366 1595 611 1676 possidendam
637 1595 687 1656 cui
711 1594 783 1656 data
808 1609 854 1655 est
878 1593 968 1655 litera
994 1594 1202 1676 privilegialis
1230 1614 1325 1675 super
1349 1593 1521 1675 premissis.

473 1701 551 1762 ltem
576 1701 650 1782 quia
676 1700 809 1782 provida
843 1700 959 1760 mulier
984 1700 1184 1782 Margaretha
1219 1714 1331 1762 vocata
1357 1699 1466 1760 relicta
1492 1699 1628 1759 condam

368 1807 508 1884 Radlin,
544 1826 630 1867 nunc
666 1825 742 1867 vero
777 1825 908 1867 consors
941 1806 1098 1888 legittima
1129 1805 1249 1867 Mathie
1284 1805 1414 1866 sartoris
1447 1803 1629 1886 propinavit

367 1913 471 1974 eidem
499 1911 618 1973 Mathia
643 1913 754 1973 sartori
781 1912 895 1972 marito
927 1931 986 1972 suo
1018 1913 1181 1993 quandam
1213 1911 1346 1972 domum
1380 1925 1537 1972 muratam
1562 1910 1628 1988 jure

366 2033 522 2100 perpetuo
546 2018 785 2099 possidendam,
813 2018 1001 2099 addiditque
1035 2020 1119 2079 idem
1140 2018 1275 2080 Mathias
1291 2032 1392 2078 sartor
1417 2017 1475 2098 ipsi
1504 2017 1625 2096 Marga-

365 2124 454 2186 rethe
479 2143 537 2206 pro
562 2124 674 2185 eadem
700 2124 799 2185 domo
825 2138 948 2185 murata
966 2125 1087 2206 ¹viginti
1122 2123 1191 2186 flor.
1225 2125 1306 2202 auri,
1332 2125 1373 2184 ita
1397 2137 1516 2201 tamen,
1540 2123 1627 2203 quod

365 2231 390 2290 si
415 2231 518 2312 ipsum
545 2229 700 2291 Mathiam
726 2245 881 2292 sartorem
909 2232 1014 2313 primo
1049 2233 1129 2292 mori
1162 2231 1343 2312 contigerit,
1373 2245 1449 2291 tunc
1481 2230 1547 2310 ipsa
1572 2229 1628 2289 do·

366 2336 452 2396 mina
477 2336 541 2397 vita
566 2335 625 2396 sibi
651 2337 767 2397 comite
794 2337 894 2417 ipsam
921 2337 1053 2398 domum
1078 2357 1189 2416 regere
1209 2351 1239 2398 et
1263 2356 1390 2397 servare
1414 2335 1540 2412 habeat,
1557 2347 1630 2415 post

366 2456 502 2502 mortem
520 2461 596 2503 vero
616 2442 716 2524 ipsius
733 2442 864 2504 domine
884 2443 951 2525 ipsa
969 2442 1086 2504 domus
1104 2445 1135 2504 in
1155 2443 1333 2504 iohannem
1359 2441 1462 2504 filium
1481 2441 1623 2501 eiusdem

370 2548 491 2609 Mathie
516 2548 731 2620 condescendi
756 2548 873 2610 debeat
897 2563 927 2610 et
951 2549 1107 2626 derivari;
1132 2550 1183 2610 cui
1210 2549 1330 2610 Mathie
1354 2548 1466 2608 sartori
1492 2548 1565 2607 data
1583 2559 1629 2608 est

365 2654 456 2716 litera
482 2655 693 2736 privilegialis
716 2674 812 2736 super
836 2656 1009 2736 premissis.

472 2761 548 2822 Item
575 2761 662 2842 quod
688 2763 763 2842 quia
789 2762 915 2844 providi
938 2763 1059 2824 Mikula
1084 2778 1185 2825 sartor
1203 2778 1233 2823 et
1258 2761 1365 2842 Jwrgh
1391 2763 1515 2823 institor
1538 2760 1627 2821 Vith-

367 2869 466 2948 ltoycz
492 2869 523 2928 in
548 2888 684 2949 persona
711 2868 864 2950 Stephani
891 2867 948 2929 filii
974 2869 1112 2930 condam
1146 2867 1276 2930 Thome
1302 2868 1377 2928 dicti
1402 2867 1552 2928 Thoman
1578 2885 1628 2926 so-

366 2975 441 3035 rorii
468 2975 576 3056 ipsius,
603 2973 819 3035 vendiderunt
844 2975 1050 3036 medietatem
1084 2974 1251 3035 cuiusdam
1277 2975 1369 3036 vinee
1394 2995 1410 3035 a
1435 2987 1524 3054 parte
1549 2971 1628 3033 infe-

365 3082 441 3142 riori
467 3083 546 3142 inter
571 3096 688 3143 metam
704 3082 785 3143 iuter
809 3082 965 3162 quasdam
982 3085 1121 3160 arbores,
1146 3101 1243 3142 unam
1261 3081 1321 3163 piri
1346 3095 1376 3142 et
1400 3081 1496 3143 aliam
1523 3079 1630 3156 nucis,

366 3208 421 3270 per
446 3187 611 3269 quoddam
637 3186 791 3248 fossatum
825 3207 897 3250 cum
931 3189 981 3248 via
1015 3189 1090 3269 ipsis
1122 3189 1265 3270 partibus
1297 3187 1507 3263 deserviente,
1531 3205 1626 3267 quam

366 3293 581 3355 vendiderunt
606 3293 770 3376 Stephano
795 3294 893 3355 sutori
928 3314 986 3374 pro
1019 3315 1071 3354 sex
1097 3294 1165 3357 flor.
1201 3295 1281 3372 auri,
1316 3292 1519 3354 inhabitatori
1544 3293 1627 3352 dicte

366 3400 519 3476 civitatis;
545 3401 594 3461 cui
622 3400 694 3460 data
720 3415 766 3460 est
790 3401 880 3461 litera
907 3400 1117 3480 privilegialis
1140 3420 1236 3481 super
1260 3399 1432 3481 premissis.

474 3506 550 3566 ltem
577 3505 739 3567 lohannes
757 3504 937 3584 Gu(r)thlar
958 3505 1066 3565 senior
1083 3505 1177 3585 judex
1194 3505 1341 3567 vendidit
1364 3504 1537 3586 quemdam
1556 3502 1626 3564 lun·

367 3611 443 3671 dum
468 3631 524 3672 seu
549 3611 682 3672 domurn
709 3611 968 3672 condicionalem
1001 3631 1100 3693 penes
1132 3611 1265 3673 domum
1300 3612 1385 3672 Luce
1417 3611 1545 3672 sartoris
1569 3629 1626 3690 pro

366 3717 520 3778 tredecim
546 3716 627 3795 flor,
652 3737 669 3778 a
694 3737 757 3799 qua
792 3717 891 3778 domo
922 3717 1058 3798 singulis
1089 3717 1181 3778 annis
1212 3718 1297 3777 idem
1323 3717 1409 3796 Jwrg
1433 3735 1533 3776 unum
1558 3715 1626 3774 flor.

366 3823 434 3884 auri
460 3837 490 3884 et
514 3823 627 3904 viginti
653 3838 790 3904 quatuor
821 3822 971 3884 denarios
1003 3823 1125 3884 solvere
1150 3821 1328 3898 tenelitur;
1359 3821 1410 3882 cui
1442 3840 1537 3902 super
1561 3821 1626 3901 ipsa

366 3929 465 3990 domo
490 3930 561 3990 data
587 3943 633 3991 est
657 3930 748 3991 litera
772 3929 982 4010 privilegialis
1005 3948 1100 4010 super
1124 3928 1294 4010 premissis.

472 4035 549 4098 ltem
583 4037 735 4097 dominus
767 4036 950 4098 Demetrius
981 4036 1146 4117 presbiter,
1180 4033 1293 4096 Gallus
1324 4033 1456 4115 juratus,
1484 4033 1628 4094 Andreas

367 4161 500 4223 arcupar
524 4156 555 4203 et
580 4142 753 4204 Katherina
779 4163 911 4204 consors
935 4157 988 4203 aut
1013 4142 1122 4203 relicta
1147 4141 1284 4203 condam
1309 4140 1429 4202 Mathie
1455 4139 1627 4221 arcuparis,

368 4263 553 4309 executores
579 4250 735 4328 eiusdem,
759 4250 976 4310 vendiderunt
1007 4249 1169 4330 quandam
1202 4249 1390 4330 porcionem
1415 4247 1506 4308 vinee
1532 4246 1627 4306 simul

367 4374 438 4416 cum
465 4355 544 4416 silva
570 4356 655 4416 iuxta
681 4371 782 4417 metas
806 4356 845 4417 de
867 4355 1030 4416 Petrovvcz
1047 4355 1259 4432 adiacentem,
1285 4355 1391 4416 Blasio
1414 4353 1554 4434 agricole
1580 4353 1625 4413 irt-

367 4461 537 4522 habitatori
564 4463 662 4524 nostri
687 4463 858 4538 territorii;
891 4463 941 4523 cui
974 4462 1045 4522 data
1079 4475 1124 4523 est
1148 4463 1238 4522 litera
1271 4459 1480 4542 privilegialis
1503 4461 1563 4520 sub
1587 4459 1626 4518 si-

365 4569 445 4649 gillo
470 4570 720 4648 communitatis,
746 4583 901 4652 perpetuo
925 4569 1165 4650 possidendam.

473 4675 549 4736 ltem
580 4677 653 4756 quia
687 4676 900 4736 vendiderunt
933 4675 1080 4736 Vrbanus
1119 4674 1258 4755 agricola
1290 4689 1320 4734 et
1353 4673 1478 4754 Agatha
1511 4674 1627 4734 mulier

367 4781 503 4861 quilibet
528 4783 712 4863 porcionem
738 4802 827 4843 suam
854 4783 885 4842 in
907 4783 1046 4862 quadam
1065 4782 1163 4842 domo
1189 4782 1270 4842 inter
1287 4781 1421 4842 domurn
1447 4780 1534 4843 Galli
1560 4781 1626 4841 Ku-

367 4888 479 4969 delycz
504 4903 534 4948 et
559 4889 639 4948 inter
664 4889 796 4948 domurn
823 4909 858 4950 ac
892 4887 1029 4951 sundum
1062 4889 1207 4949 Barnabe
1233 4887 1402 4969 Chaykyn,
1427 4887 1571 4968 Georgio
1596 4902 1626 4948 ct

369 4995 475 5055 Blasio
500 4995 648 5075 agricolis
672 4993 745 5056 filiis
777 4995 913 5056 condam
949 4997 1043 5078 Myke
1077 4996 1116 5056 de
1150 4996 1366 5056 Santsinowcz
1398 5015 1456 5076 pro
1489 5010 1626 5076 quatuor

368 5101 437 5168 flor.
463 5104 551 5182 auri;
576 5103 626 5168 cui
652 5103 723 5169 data
750 5117 795 5169 est
820 5103 910 5168 litera
934 5103 1143 5191 privilegialis
1171 5122 1265 5190 super
1288 5101 1461 5189 premissis.
