3810 5806
945 564 1128 626 Iuventutis.

501 779 578 842 ltem
603 780 709 842 casula
735 779 774 840 de
799 779 958 858 cetenino,
980 798 1036 858 per
1059 778 1226 841 dominam
1245 778 1389 860 reginam
1414 781 1575 842 seniorem
1601 777 1659 842 do-

396 901 481 965 nata,
506 886 538 947 in
563 885 725 948 aurifrisio
750 887 782 948 in
819 899 912 948 antea
937 899 968 947 et
996 901 1080 948 retro
1112 887 1243 969 optimis
1274 885 1372 968 perlis
1396 885 1561 967 adornata,
1586 889 1660 949 sub-

395 993 490 1055 ducta
513 992 609 1054 viridi
633 991 781 1056 cendato.

500 1097 578 1160 Item
602 1098 709 1160 casula
733 1098 839 1180 glauci
864 1098 981 1160 coloris
1005 1097 1097 1158 cuius
1120 1095 1316 1159 aurifrisium
1342 1099 1467 1180 aliquas
1492 1101 1660 1182 ymagines

394 1219 577 1268 sanctorum
602 1206 782 1286 continens,
807 1204 1000 1290 dyademate
1025 1205 1166 1288 ipsarum
1183 1207 1372 1288 ymaginum
1398 1219 1429 1268 et
1445 1227 1563 1270 corone
1588 1221 1661 1270 sunt

394 1314 531 1396 gemmis
554 1333 611 1375 seu
635 1313 732 1396 perlis
755 1311 921 1392 adornata,
946 1311 1041 1374 habet
1071 1313 1173 1374 eciam
1206 1313 1245 1374 de
1278 1327 1362 1375 retro
1387 1314 1418 1375 in
1451 1333 1485 1376 se
1509 1314 1591 1377 duos
1614 1315 1659 1376 la-

394 1421 496 1502 pides,
521 1439 621 1481 unum
646 1417 797 1481 videlicet
820 1418 1008 1481 cornealum
1032 1431 1064 1480 et
1086 1418 1186 1480 alium
1203 1431 1358 1500 tanquam
1384 1418 1549 1502 saphirum
1575 1420 1658 1501 nigri

395 1525 522 1604 coloris,
546 1539 593 1586 est
616 1526 683 1587 sola
708 1524 776 1586 sine
800 1524 970 1586 dalmatica
997 1537 1028 1587 et
1051 1525 1169 1586 stricta.

501 1630 579 1693 ltem
604 1631 709 1692 casula
733 1631 892 1692 brunatici
917 1631 1035 1693 coloris
1068 1631 1190 1693 habens
1223 1631 1391 1714 ymagines
1416 1631 1558 1708 leonum,
1581 1630 1657 1713 gril-

395 1735 508 1798 lonum
533 1750 565 1798 et
588 1737 695 1799 avium
721 1757 794 1799 cum
813 1756 892 1816 auro
909 1751 1019 1816 textas,
1037 1737 1158 1800 habens
1175 1738 1275 1799 eciam
1293 1737 1489 1800 aurilrisium
1513 1738 1553 1800 de
1571 1751 1658 1800 retro

395 1862 468 1906 cum
492 1843 599 1926 perlis,
624 1862 697 1905 curn
721 1842 917 1906 subductura
942 1844 1048 1906 blanci
1074 1843 1201 1922 coloris,
1226 1858 1257 1906 et
1281 1859 1328 1908 est
1351 1846 1431 1908 sola.

500 1949 577 2012 ltem
602 1970 666 2012 una
690 1950 796 2012 stricta
820 1964 851 2012 et
875 1951 1047 2013 dalmatica
1071 1949 1157 2012 flavii
1182 1951 1310 2015 coloris.

500 2057 576 2120 ltem
610 2057 718 2119 casula
749 2057 821 2120 alba
854 2035 894 2119 de
925 2071 1072 2119 exameto
1104 2077 1175 2119 cum
1208 2057 1380 2138 aurifrisio,
1408 2079 1465 2142 per
1488 2059 1657 2121 dominum

394 2163 532 2226 condam
557 2183 673 2247 papam
699 2163 901 2227 Clementem
927 2163 1012 2226 data.
1482 2153 1484 2158 ¹

501 2270 578 2333 ltem
604 2270 712 2333 casula
737 2272 836 2333 rubea
860 2269 900 2332 de
932 2268 1042 2333 veluto
1074 2272 1197 2334 habens
1228 2269 1423 2335 aurifrisium
1448 2273 1548 2336 latum
1573 2287 1658 2334 retro

394 2391 425 2440 et
449 2391 534 2456 ante,
559 2395 631 2438 cum
657 2397 713 2438 sua
738 2376 908 2438 dalmatica
933 2390 964 2439 et
988 2379 1106 2441 stricta.

422 2469 426 2480 ¹
497 2483 578 2574 ltem
596 2483 658 2544 alia
676 2484 782 2544 casula
799 2483 889 2544 rubei
907 2483 1024 2545 coloris
1041 2484 1162 2548 habens
1178 2485 1345 2568 ymagines
1361 2484 1544 2567 griffonum,
1562 2483 1659 2546 habet

394 2591 494 2654 eciam
519 2589 714 2652 aurifrisium
742 2610 779 2652 ex
803 2603 938 2672 utraque
963 2605 1063 2674 parte.

500 2698 577 2760 Item
602 2717 665 2760 una
690 2697 863 2759 dalmatica
886 2696 981 2759 viridi
1014 2698 1132 2760 coloris
1165 2698 1287 2761 habens
1310 2698 1465 2781 quasdam
1490 2699 1657 2783 ymagines

394 2805 618 2887 episcoporum
660 2805 693 2865 in
733 2817 821 2887 parte
859 2802 1023 2885 inferiori,
1065 2825 1139 2867 cum
1175 2805 1414 2888 subscripcione
1450 2805 1655 2888 propriorum
1699 2879 1703 2886 ι

393 2912 574 2974 nominum.

500 3017 578 3080 ltem
604 3017 665 3080 alia
690 3017 860 3081 dalmatica
886 3019 925 3081 de
950 3038 1057 3102 panno
1087 3021 1188 3081 rubeo
1220 3019 1342 3080 sericeo
1366 3032 1492 3082 etcum
1517 3017 1656 3080 subduc·

392 3138 462 3186 tura
486 3123 527 3186 de
551 3125 651 3186 rubeo
676 3124 823 3204 cendato,
847 3125 969 3188 habens
992 3127 1160 3209 ymagines
1192 3126 1386 3208 aquillarum
1411 3127 1450 3187 de
1474 3145 1553 3187 auro
1578 3145 1654 3187 con·

392 3231 496 3310 textis,
509 3230 606 3293 habet
619 3232 721 3294 eciam
736 3231 768 3292 in
781 3246 870 3314 parte
884 3233 1035 3294 anteriori
1049 3230 1244 3294 aurifrisium
1260 3252 1332 3294 cum
1346 3233 1444 3315 perlis
1460 3232 1655 3294 ordinatum.

499 3337 578 3399 ltem
603 3337 664 3400 alia
690 3337 861 3400 dalmatica
887 3339 918 3400 in
940 3359 1048 3420 panno
1064 3358 1162 3401 aureo
1187 3338 1308 3401 habens
1332 3340 1363 3400 in
1389 3339 1506 3422 parwis
1529 3339 1656 3402 circulis

393 3444 528 3526 singulis
552 3443 634 3506 duos
657 3443 809 3526 grillones
833 3445 942 3506 subtili
969 3465 1064 3526 opere
1089 3443 1253 3508 conlectos
1277 3448 1309 3507 in
1333 3465 1412 3507 auro
1436 3459 1610 3509 contextos.

500 3550 578 3613 ltem
604 3548 664 3611 alia
690 3549 861 3612 dalmatica
886 3551 918 3611 in
943 3552 1045 3612 rubeo
1069 3571 1148 3612 auro
1166 3566 1324 3630 contexta,
1348 3552 1517 3614 continens
1541 3553 1573 3614 in
1591 3553 1655 3614 sin·

393 3657 477 3738 gulis
501 3656 629 3718 circulis
652 3657 728 3719 satis
752 3657 877 3739 magnis
893 3657 1038 3739 singulos
1055 3656 1137 3719 duos
1160 3657 1282 3736 leones,
1307 3678 1369 3740 que
1395 3658 1491 3720 habet
1514 3659 1654 3720 strictam

393 3783 484 3824 suam
499 3763 531 3824 in
544 3761 650 3824 colore
668 3763 869 3840 dissimilem,
886 3763 1036 3826 videlicet
1053 3765 1165 3826 brunei
1184 3764 1442 3842 coloris,habens
1459 3765 1550 3848 quasi
1568 3767 1599 3826 in
1613 3767 1655 3826 si·

394 3869 524 3931 milibus
542 3869 988 3954 circulisymaginesduarum
999 3871 1105 3932 avium
1117 3872 1430 3953 parvarum,absque
1446 3872 1654 3935 subductura.

500 3975 577 4038 ltem
603 3975 666 4039 alia
691 3975 861 4038 dalmatica
895 3989 925 4038 et
952 3977 1058 4038 stricta
1091 3977 1248 4039 brunatici
1278 3979 1395 4040 coloris
1418 3997 1478 4062 pro
1502 3979 1655 4062 episcopo

393 4083 551 4149 ordinata.

499 4188 577 4251 ltem
603 4210 666 4251 una
691 4189 860 4251 dalmatica
886 4203 918 4251 et
941 4189 1048 4251 stricta
1080 4190 1184 4252 crocei
1217 4191 1345 4269 coloris,
1368 4192 1444 4252 satis
1469 4193 1653 4256 inveterata.

500 4294 576 4356 Item
599 4294 705 4356 casula
729 4295 801 4356 alba
826 4295 865 4358 de
890 4315 1030 4378 purpure
1055 4315 1128 4358 cum
1153 4297 1322 4358 dalmatica
1348 4312 1378 4360 et
1401 4298 1509 4361 stricta
1533 4299 1655 4361 habens

392 4402 560 4485 ymagines
584 4401 757 4483 pardorum
772 4422 851 4463 auro
868 4417 1039 4482 textorum,
1062 4402 1184 4466 habens
1201 4417 1284 4467 retro
1308 4403 1504 4467 aurifrisium
1530 4407 1653 4468 bonum

393 4509 425 4570 in
450 4507 584 4570 modum
609 4508 721 4586 crucis,
746 4508 777 4568 in
803 4528 870 4590 quo
894 4523 967 4571 sunt
996 4509 1058 4571 due
1089 4511 1266 4595 ymagines,
1299 4531 1363 4573 una
1387 4511 1540 4584 videlicet
1562 4514 1654 4576 beate

392 4614 524 4696 virginis
548 4627 578 4676 et
602 4614 663 4675 alia
687 4615 787 4676 sancti
813 4615 967 4698 Stephani
991 4617 1094 4697 regis;
1118 4637 1156 4677 ex
1184 4633 1271 4699 parte
1296 4631 1404 4680 autem
1429 4619 1580 4681 anteriori
1599 4620 1653 4682 ha·

392 4722 471 4783 bens
494 4720 582 4782 aliud
607 4718 804 4782 aurifrisium
829 4741 901 4784 cum
926 4723 1028 4784 literis
1044 4723 1149 4784 aureis
1172 4723 1205 4784 in
1223 4724 1358 4786 modum
1376 4726 1477 4787 crucis
1502 4740 1534 4788 et
1550 4727 1653 4788 tribus

392 4827 610 4910 ymaginibus,
636 4847 699 4890 una
730 4827 912 4906 salvatoris,
940 4829 1002 4890 alia
1036 4829 1231 4912 archangeli,
1263 4831 1360 4893 tercia
1392 4834 1483 4894 beate
1512 4833 1655 4915 virginis,

392 4953 470 4995 auro
496 4933 663 5012 contextis,
694 4954 756 5016 que
782 4935 889 4996 casula
921 4948 969 4998 est
996 4955 1068 4998 cum
1101 4936 1238 4998 sindone
1271 4938 1346 5000 albo
1371 4953 1402 5000 et
1427 4939 1597 5002 dalmatica
1624 4956 1655 5003 et

391 5039 496 5101 stricta
521 5039 677 5102 subducte
702 5060 775 5102 cum
801 5041 936 5103 cendato
960 5041 1113 5105 violatico
1138 5043 1257 5106 colore.
