3810 5806
414 543 472 606 128
971 541 1156 602 inventaria.

515 757 592 820 ltem
618 756 681 818 due
705 775 806 838 cappe
830 755 934 818 crocei
952 753 1082 832 coloris,
1106 753 1202 815 unius
1225 753 1343 835 operis,
1368 771 1442 814 cum
1468 751 1676 815 subducturis

410 865 451 927 de
474 865 536 926 tela
562 864 661 926 rubea
685 882 807 945 grossa,
831 881 903 924 cum
929 859 1025 924 frisiis
1057 860 1211 942 antiquis,
1235 877 1298 922 una
1324 858 1364 920 de
1387 878 1467 920 auro
1492 873 1523 920 et
1546 857 1609 920 alia
1634 855 1675 920 de

411 973 512 1034 serico
541 970 627 1033 albo.
1309 1045 1320 1069 .

515 1075 594 1140 Item
618 1076 681 1138 alia
705 1095 807 1158 cappa
832 1075 915 1157 nigri
940 1074 1058 1138 coloris
1093 1074 1133 1135 de
1165 1073 1287 1152 veluto,
1323 1073 1444 1134 habens
1477 1067 1675 1132 aurifrisium

412 1185 504 1248 valde
529 1185 711 1265 antiquum,
735 1183 826 1264 quasi
851 1181 1054 1245 dilaniatum.

519 1290 596 1352 Item
620 1290 682 1352 alia
707 1309 807 1372 cappa
831 1289 914 1368 alba,
940 1289 1017 1350 boni
1042 1289 1159 1372 operis,
1183 1287 1353 1351 continens
1376 1289 1544 1371 ymagines
1568 1285 1676 1348 avium

412 1411 443 1460 et
467 1396 680 1479 quarumdam
706 1397 891 1476 bestiarum,
916 1399 1017 1458 rubeo
1042 1396 1209 1476 subducta,
1226 1397 1368 1478 antiqua.

518 1503 595 1566 ltem
622 1522 684 1564 una
710 1502 772 1564 alia
797 1522 898 1585 cappa
923 1503 962 1563 de
997 1503 1099 1565 serico
1131 1503 1234 1565 crocei
1267 1503 1394 1580 coloris,
1420 1521 1492 1563 cum
1517 1499 1678 1563 aurifrisio

413 1610 548 1691 antiquo
572 1609 695 1671 scilicet
718 1609 925 1671 subductura.

519 1733 596 1796 ltem
622 1753 686 1796 una
710 1752 810 1816 cappa
835 1733 980 1816 preciosa
998 1733 1038 1796 de
1062 1733 1211 1796 cetenino
1229 1735 1341 1810 rubeo,
1366 1745 1513 1794 contexta
1539 1731 1579 1794 de
1596 1751 1675 1794 auro

413 1861 506 1924 puro,
531 1860 604 1902 cum
636 1841 842 1924 ymaginibus
873 1839 994 1918 avium,
1026 1840 1170 1918 leonum,
1202 1839 1394 1922 capriolum,
1426 1857 1500 1900 curn
1526 1838 1622 1900 ramis
1646 1852 1677 1899 et

414 1946 548 2009 floribus
572 1968 608 2009 ac
632 1946 704 2010 aliis
728 1947 861 2008 diversis
885 1946 1088 2032 ymaginibus
1105 1947 1220 2024 aureis,
1246 1945 1367 2006 habens
1391 1943 1586 2006 aurifrisium
1604 1963 1676 2004 cum

414 2053 621 2138 ymaginibus
652 2066 835 2116 sanctorum
869 2072 941 2114 curn
974 2053 1231 2135 dyadematibus,
1262 2071 1335 2114 curn
1372 2051 1469 2133 perlis
1498 2050 1616 2131 grossis
1648 2063 1679 2110 et

416 2179 489 2222 cum
515 2160 627 2222 ceteris
651 2159 826 2242 lapidibus,
851 2158 972 2221 habens
995 2159 1027 2220 in
1053 2171 1180 2241 pectore
1209 2159 1263 2220 ubi
1289 2157 1463 2220 nodulatur
1487 2176 1586 2240 cappa
1611 2156 1678 2218 duo

418 2266 564 2345 munilia,
589 2267 620 2328 in
646 2285 785 2348 quorum
811 2285 876 2327 uno
901 2280 975 2328 sunt
998 2279 1062 2329 tres
1094 2265 1227 2347 lapides,
1260 2265 1382 2327 scilicet
1414 2265 1480 2326 duo
1504 2262 1624 2345 saphiri
1649 2276 1681 2324 et

416 2393 499 2435 unus
522 2374 699 2452 ametistus,
724 2385 755 2434 et
779 2373 811 2433 in
837 2372 947 2434 medio
973 2392 1035 2433 una
1053 2369 1154 2453 figura
1180 2372 1212 2432 in
1231 2371 1374 2453 quodam
1400 2371 1507 2452 lapide
1532 2369 1679 2452 precioso

416 2480 550 2558 sculpta,
575 2477 696 2542 babens
720 2479 752 2540 in
778 2498 875 2540 manu
897 2498 994 2540 unam
1012 2497 1152 2558 crucem,
1169 2497 1242 2540 cum
1261 2491 1398 2560 quatuor
1422 2477 1537 2538 coralis
1555 2476 1680 2558 magnis

416 2588 448 2649 in
473 2606 552 2648 auro
583 2586 700 2666 ligata;
733 2585 809 2646 item
842 2585 881 2646 ab
913 2585 976 2646 alia
1008 2599 1097 2667 parte
1129 2604 1202 2646 cum
1234 2585 1363 2648 duobus
1394 2583 1541 2667 saphiris·
1561 2597 1592 2645 et
1616 2603 1679 2644 una

416 2693 573 2772 amatista,
598 2705 629 2755 et
654 2691 686 2752 in
712 2691 821 2754 medio
844 2705 940 2774 caput
964 2692 1059 2752 unius
1083 2691 1226 2769 domine,
1256 2692 1287 2753 in
1313 2691 1456 2772 quodam
1480 2689 1587 2773 lapide
1604 2690 1679 2752 albo

416 2799 588 2880 sculptum,
612 2798 759 2860 similiter
783 2817 854 2859 cum
879 2811 1017 2880 quatuor
1041 2797 1155 2860 coralis
1183 2799 1290 2860 rubeis
1313 2799 1459 2860 similiter
1489 2799 1520 2859 in
1546 2816 1624 2859 auro
1642 2797 1679 2858 li·

416 2905 507 2988 gatis,
532 2904 653 2967 babens
676 2905 816 2967 sedecim
842 2903 966 2986 lapides
990 2906 1152 2987 preciosos
1187 2906 1218 2966 in
1245 2903 1406 2966 aurifrisio
1431 2918 1462 2966 et
1486 2904 1518 2965 in
1543 2903 1680 2966 circuitu

417 3011 569 3074 aurifrisii
594 3031 666 3073 cum
692 3011 873 3092 margaritis
889 3013 1085 3092 quibusdam
1103 3011 1282 3091 diminutis,
1304 3013 1461 3074 subducta
1483 3031 1556 3074 cum
1574 3009 1681 3072 viridi.

419 3121 506 3196 (Alia
528 3139 637 3177 manu:
660 3117 782 3180 Eadem
815 3137 915 3199 cappa
948 3117 1007 3180 fuit
1042 3131 1164 3181 mutata
1197 3119 1227 3179 in
1262 3119 1358 3181 aliam
1383 3116 1520 3180 formam
1545 3137 1601 3200 per
1625 3116 1681 3178 do·

419 3225 544 3286 minum
570 3223 757 3306 episcopum
784 3223 1004 3305 modernum).

526 3347 603 3410 ltem
629 3347 692 3409 due
725 3367 825 3430 cappe
858 3349 897 3410 de
930 3347 1040 3410 veluto
1072 3349 1178 3431 piloso
1211 3350 1315 3411 blavei
1348 3349 1477 3428 coloris,
1501 3367 1573 3410 cum
1599 3347 1682 3408 auri·

420 3453 524 3534 frisiis,
550 3454 707 3516 subducta
732 3473 803 3516 cum
829 3455 891 3517 tela
913 3475 1022 3535 grossa
1047 3457 1156 3535 rubea,
1181 3456 1313 3518 corales.

528 3560 603 3622 ltem
629 3561 692 3622 due
717 3561 778 3622 alie
804 3580 904 3642 cappe
936 3562 1068 3638 corales,
1102 3561 1142 3624 de
1167 3561 1284 3640 athlaz,
1316 3562 1383 3624 sive
1415 3561 1564 3622 cetenino
1589 3559 1681 3622 flavei

421 3667 550 3748 coloris,
575 3687 646 3729 cunr
672 3667 849 3747 aurifrisiis,
875 3669 1022 3730 similiter
1054 3669 1213 3731 conducta
1246 3687 1318 3732 cum
1351 3669 1414 3730 tela
1438 3687 1549 3750 grossa
1573 3669 1682 3730 rubea.

475 3896 682 3978 Sequitur
714 3895 1004 3960 inventarium
1037 3912 1385 3960 ornamentorum
1418 3897 1631 3960 altarium.

528 4056 605 4120 Item
631 4057 760 4118 inventa
784 4072 831 4120 est
855 4058 939 4141 palla
973 4078 1028 4120 seu
1061 4079 1185 4141 pannus
1217 4073 1290 4121 ante
1322 4059 1432 4138 altare,
1457 4058 1496 4120 de
1521 4058 1683 4136 damasco,

422 4165 499 4227 boni
524 4179 555 4226 et
578 4164 650 4246 puri
667 4165 746 4241 auri,
771 4165 861 4226 cuius
878 4165 1014 4226 sericum
1033 4179 1079 4226 est
1095 4166 1185 4226 rubei
1204 4167 1332 4244 coloris,
1356 4165 1478 4227 habens
1503 4164 1683 4226 consimilia

423 4271 600 4353 angularia,
624 4291 697 4333 cum
730 4270 890 4333 aurifrisio
924 4274 954 4333 in
992 4287 1082 4355 parte
1114 4271 1271 4352 inferiori,
1306 4287 1336 4334 et
1368 4273 1470 4334 eciam
1495 4272 1603 4333 ristam
1628 4291 1684 4334 seu

423 4397 549 4440 comam
575 4377 683 4438 altaris
707 4397 779 4440 cum
812 4376 973 4439 aurifrisio
1005 4377 1072 4440 lato
1105 4393 1135 4442 et
1164 4380 1251 4441 bono
1283 4399 1355 4441 cunr
1389 4377 1499 4440 subtili
1530 4379 1633 4440 serico
1656 4391 1686 4438 et

424 4484 539 4546 diversi
565 4483 682 4545 coloris
706 4484 884 4566 inpendulo
908 4485 1068 4547 decorata.

529 4589 606 4650 ltem
634 4589 761 4651 inventa
787 4605 832 4651 est
856 4591 917 4652 alia
942 4591 1027 4673 palla
1052 4591 1092 4652 de
1116 4591 1226 4654 veluto
1244 4592 1344 4653 rubeo
1369 4606 1400 4654 et
1424 4591 1530 4668 viridi,
1556 4591 1587 4652 in
1606 4610 1684 4672 qua-

424 4714 493 4756 rum
519 4695 751 4758 coniunctione
775 4697 931 4778 plicarum
950 4711 1023 4759 sunt
1047 4697 1204 4760 aurifrisia
1230 4713 1354 4781 septem
1378 4697 1517 4780 desuper
1541 4686 1686 4774 consuta,

424 4801 546 4863 habens
570 4802 736 4883 angularia
761 4803 939 4864 consimilia
967 4823 1002 4865 ac
1034 4805 1134 4866 eciam
1167 4825 1293 4867 comam
1323 4805 1431 4868 altaris
1462 4805 1502 4866 de
1526 4803 1686 4867 aurifrisio

425 4909 589 4991 duplicato
622 4909 718 4971 simul
751 4925 881 4993 propter
913 4911 1115 4973 latitudinem
1140 4926 1284 4992 consuta,
1308 4931 1444 4995 quarum
1468 4910 1685 4974 aurifrisarum

424 5031 498 5080 sunt
521 5037 575 5079 sex
598 5018 767 5082 subtracte.
