3804 5798
960 1645 1073 1726 Xllll.

379 1853 516 1954 (Anno)
551 1853 659 1932 1513.
690 1857 926 1934 inventarium
955 1861 1109 1938 ecclesie
1138 1863 1440 1964 sanctiJohannis
1477 1863 1643 1962 Baptiste

645 1981 678 2056 in
707 1979 813 2058 Nova
840 1983 923 2059 villa
959 1987 1192 2085 zagrabiensi
1220 1986 1381 2062 fundate.

484 2207 561 2268 ltem
586 2209 691 2291 primo
715 2223 867 2290 quattuor
888 2211 1002 2273 calices
1026 2232 1099 2274 curn
1123 2212 1275 2273 omnibus
1298 2213 1491 2277 attinenciis.

486 2315 558 2376 Una
582 2334 658 2376 crux
682 2331 831 2398 argentea
856 2317 1007 2380 deaurata
1032 2338 1105 2379 cunt
1130 2319 1285 2400 reliquiis.

485 2419 557 2481 Una
583 2420 798 2484 Monstrancia
822 2442 938 2504 cuprea
964 2443 1036 2484 curn
1061 2425 1216 2506 reliquiis.

485 2526 591 2588 Unam
615 2527 757 2609 pixidem
782 2548 931 2611 cupream
957 2530 1143 2592 deauratam
1176 2531 1215 2591 ad
1240 2531 1434 2613 portandum
1462 2551 1639 2594 sacramen-

378 2645 446 2693 tum
471 2633 511 2693 ad
537 2633 689 2696 infirmos.

485 2739 517 2800 ln
543 2741 655 2802 eadem
681 2741 789 2823 pixide
813 2757 860 2804 est
884 2763 980 2825 parva
1000 2743 1154 2806 scutelula
1173 2744 1211 2805 de
1229 2756 1373 2827 argento,
1400 2745 1439 2807 de
1467 2767 1533 2828 qua
1549 2747 1641 2808 datur

379 2843 513 2905 infirmis
537 2847 647 2908 bibere
672 2862 744 2929 post
767 2863 1011 2912 sacramentum.

483 2951 555 3013 Una
579 2973 675 3034 parva
701 2953 782 3034 pixis
805 2953 845 3016 de
869 2969 1002 3036 argento
1026 2974 1084 3037 pro
1108 2967 1316 3017 sacramento.

483 3056 554 3118 Una
581 3060 675 3120 bursa
699 3078 757 3140 pro
781 3075 983 3122 sacramento
1008 3081 1179 3144 purpurea.

483 3162 593 3224 Unum
619 3164 747 3225 Missale
772 3166 803 3226 in
829 3185 1038 3248 pergameno,
1073 3168 1251 3229 secundnm
1286 3169 1413 3230 Missale
1440 3170 1637 3231 admodum

377 3267 608 3348 strigoniensis.

483 3375 637 3436 Tercinm
667 3376 795 3438 Missale
820 3397 939 3439 novum
959 3379 1138 3460 inpressum
1164 3379 1354 3442 admodum
1382 3381 1471 3441 istius
1496 3381 1638 3442 ecclesie.

482 3479 591 3541 Unum
618 3481 769 3544 Manuale
793 3482 825 3542 in
851 3503 1058 3564 pargameno.

483 3586 591 3648 Unum
618 3587 791 3667 Graduale‚
816 3588 882 3650 duo
906 3591 1152 3672 Antiphonaria.

481 3693 591 3755 Unum
616 3694 844 3777 Hymnionale.

481 3800 591 3862 Unum
616 3802 803 3864 Psalterinm
829 3822 963 3885 parvum
988 3817 1019 3866 et
1042 3805 1211 3886 antiquum
1238 3805 1269 3865 in
1295 3805 1417 3886 papiro.

482 3905 624 3968 Ornatus
647 3908 861 3969 sacerdotales
883 3905 957 3972 sunt
980 3925 1043 3972 tres
1068 3911 1144 3971 boni
1171 3925 1201 3971 et
1225 3910 1351 3992 optimi.

426 4091 427 4096 η
481 4013 555 4074 Duo
579 4029 710 4076 ornatus
733 4015 832 4076 veteri
857 4015 978 4076 nullius
1003 4016 1159 4078 utilitatis.

481 4119 598 4201 Mappe
623 4121 654 4180 in
679 4135 747 4183 toto
771 4121 837 4185 Xll.

481 4225 681 4306 Manutergia
709 4241 783 4288 sunt
805 4227 845 4291 X.

480 4331 589 4394 Unum
614 4333 888 4416 superpellicium.

480 4438 589 4501 Unum
614 4440 776 4504 viaticum.

479 4545 561 4606 Tres
585 4546 675 4608 litere
700 4547 991 4628 indulgenciaruln.

479 4651 611 4714 Ferrum
637 4653 676 4714 ad
700 4654 883 4735 pistandum
908 4652 1041 4716 oblatas.

479 4759 586 4821 Unum
611 4773 703 4822 vetus
727 4760 939 4823 Breviorium.

477 4866 581 4928 Unam
607 4866 716 4927 cistam
741 4885 799 4949 pro
826 4866 1074 4927 conservacione
1100 4887 1205 4928 rerum
1232 4868 1376 4930 ecclesie.

474 4972 585 5034 Unum
609 4973 768 5034 scrineum
794 4971 834 5034 ad
858 4972 918 5033 XX
944 4991 1066 5036 coreos.

476 5077 552 5138 Tria
577 5091 695 5161 tapeta,
721 5079 785 5139 duo
808 5079 895 5155 vilia,
925 5078 1059 5138 tercium
1085 5079 1211 5142 melius.

897 5206 1107 5226 -ιῃηιμοοοοα-
