3842 5802
794 561 995 641 Amto1472.
1309 603 1313 613 .
1508 589 1528 648 7

262 781 345 845 cato,
363 767 451 848 quod
469 768 590 850 prefata
609 769 725 832 domus
742 787 865 834 murata
885 793 1022 834 unacum
1043 773 1144 836 fundo
1169 790 1200 838 et
1216 775 1382 857 hedificiis,
1401 799 1527 841 necnon

262 874 334 934 aliis
355 881 478 936 cunctis
501 876 566 936 suis
590 877 795 956 utilitatibus,
819 879 952 959 juribus,
977 881 1097 960 usibus,
1115 882 1353 962 integritatibus
1377 898 1407 946 et
1431 888 1526 968 perti-

262 979 383 1042 nenciis
408 981 565 1042 universis
589 983 735 1065 superius
751 984 950 1066 specificatis,
976 1006 1034 1048 nec
1051 1007 1108 1068 per
1131 987 1290 1069 prefatum
1315 989 1444 1052 fratrem
1463 992 1523 1054 Mi-

261 1086 406 1149 chaelem
430 1088 625 1151 modernum
659 1091 799 1173 priorem
832 1094 963 1172 scilicet,
994 1113 1052 1156 nec
1084 1115 1141 1176 per
1173 1115 1248 1156 suos
1276 1116 1474 1160 successores
1498 1113 1528 1160 et

261 1193 342 1255 alios
366 1193 477 1256 fratres
494 1197 639 1258 eiusdem
663 1198 786 1260 ordinis
804 1200 1046 1262 Predicatorum
1065 1202 1234 1284 quospiam
1256 1222 1273 1262 a
1298 1201 1526 1282 jurisdiccione

267 1313 298 1362 et
330 1300 475 1364 libertate
509 1303 646 1366 civitatis
677 1318 843 1387 prenotate
875 1307 1074 1388 privilegiata
1107 1307 1174 1368 ullo
1206 1328 1348 1389 unquam
1382 1323 1526 1393 ternpore

259 1406 355 1468 avelli
380 1420 410 1470 et
434 1408 529 1470 eximi
562 1410 662 1492 possit
693 1410 792 1472 modo
824 1412 968 1492 aliquali,
1001 1413 1040 1474 ad
1074 1413 1162 1494 quod
1198 1433 1231 1474 se
1263 1413 1405 1496 prelatus
1429 1415 1526 1478 frater

260 1514 399 1576 Michael
423 1515 512 1596 prior
536 1515 680 1577 eiusdem
699 1516 827 1579 claustri
851 1537 908 1580 seu
926 1519 1111 1580 monasterii
1137 1519 1271 1582 ecclesie
1298 1521 1380 1582 beati
1399 1523 1525 1584 Nicolai

260 1619 453 1682 confessoris
476 1621 509 1682 in
534 1642 590 1684 sua
616 1643 652 1683 ac
675 1623 779 1685 tocius
804 1639 982 1686 conventus
1006 1639 1037 1686 et
1071 1624 1205 1686 fratrum
1231 1625 1355 1688 ordinis
1379 1627 1527 1690 Predica-

258 1739 363 1789 torum
389 1729 591 1809 presencium
616 1744 647 1791 et
671 1728 852 1792 futurorum
879 1732 910 1792 in
936 1731 1050 1793 eodem
1075 1751 1134 1813 pro
1158 1745 1303 1814 ternpore
1328 1733 1521 1815 degencium

260 1835 405 1916 personis
427 1835 539 1916 vigore
564 1836 700 1898 aliarum
732 1857 861 1899 suarum
894 1851 925 1900 et
957 1838 1031 1900 dicti
1065 1838 1113 1900 sui
1148 1853 1324 1900 conventus
1357 1840 1524 1903 literarum

261 1941 433 2023 superinde
458 1940 677 2004 confectarum
712 1958 826 2026 sponte
851 1945 1008 2025 obligavit
1039 1964 1144 2005 coram
1171 1945 1275 2007 nobis.
1302 1945 1334 2006 ln
1360 1947 1449 2007 culus
1474 1949 1518 2009 rei

261 2048 450 2109 memoriam
468 2062 563 2129 atque
581 2050 814 2130 testimonium,
837 2049 1086 2133 firmitatemque
1105 2065 1293 2134 perpetuam
1318 2053 1520 2133 presentibus

260 2154 403 2235 sigillum
435 2168 582 2217 nostrum
615 2175 788 2218 commune
820 2156 970 2219 duximus
1005 2157 1267 2240 appendendum.
1300 2158 1419 2220 Datum
1444 2157 1524 2220 feria

259 2261 397 2323 secunda
422 2262 568 2344 proxima
602 2261 740 2324 infesto
772 2264 922 2326 videlicet
953 2266 1044 2326 beate
1078 2265 1177 2326 Marie
1203 2264 1406 2345 Magdalene,
1440 2285 1525 2326 anno

261 2367 393 2429 Domini
418 2369 591 2430 millesimo
617 2369 938 2451 quadringentesimo
962 2371 1199 2452 septuagesimo
1223 2371 1339 2452 primu.

368 2475 534 2537 Universis
559 2489 589 2538 et
612 2475 748 2556 singulis
773 2496 902 2558 presens
930 2478 1081 2558 scriptum
1116 2477 1305 2558 inspecturis
1329 2490 1435 2559 pateat
1459 2477 1523 2538 evi·

260 2582 373 2642 denter
397 2594 428 2642 et
451 2581 492 2642 sit
515 2593 649 2643 notum:
674 2582 813 2662 qualiter
837 2602 898 2662 ego
924 2581 1019 2644 frater
1052 2581 1200 2661 Michacl,
1224 2602 1312 2644 sacre
1338 2583 1521 2663 Theologie

261 2687 370 2765 lector,
395 2688 482 2769 prior
506 2688 634 2749 claustri
659 2688 760 2749 sancti
785 2689 910 2749 Nicolai
947 2689 1071 2750 ordinis
1099 2688 1341 2750 Predicatorum
1365 2688 1520 2769 Zagrabie

261 2791 394 2872 fundati,
419 2792 459 2855 de
482 2794 705 2856 universorum
727 2793 858 2856 fratrum
882 2795 1026 2856 eiusdem
1043 2795 1172 2856 claustri
1197 2793 1421 2873 deveniencia,
1446 2813 1522 2856 con-

259 2899 331 2960 silio
356 2901 474 2981 pariter
507 2913 537 2962 et
568 2920 709 2980 assensu,
742 2914 873 2983 propter
906 2901 1080 2962 nonnullas
1116 2919 1225 2962 causas
1257 2899 1470 2961 racionabiles
1494 2913 1524 2960 et

259 3007 451 3067 necessarias
475 3005 638 3087 quandam
664 3006 799 3068 domum
817 3021 986 3085 muratam,
1008 3025 1134 3067 necnon
1153 3004 1289 3067 fundum
1314 3026 1350 3066 ac
1374 3004 1523 3066 hedificia

260 3111 291 3172 in
315 3112 444 3174 civitate
469 3113 755 3194 Montisgrecensis
778 3132 879 3194 prope
904 3112 1106 3193 Zagrabiam,
1136 3113 1218 3173 inter
1243 3109 1361 3172 fundos
1384 3112 1423 3171 ab
1448 3131 1522 3202 una,

259 3215 409 3278 videlicet
441 3219 590 3280 orientali
623 3232 711 3301 parte
743 3218 877 3280 ecclesie
910 3237 965 3278 seu
998 3218 1120 3300 capelle
1160 3231 1267 3280 nostre
1300 3219 1358 3277 sub
1391 3217 1522 3277 nomine

259 3323 350 3384 beate
374 3323 549 3385 Katherine
574 3325 707 3405 virginis
731 3337 762 3386 et
786 3325 924 3386 martiris
951 3323 1081 3402 Christi,
1115 3335 1308 3401 constructe,
1332 3337 1422 3404 parte
1446 3343 1522 3384 vero

260 3429 452 3492 occidentali
479 3431 561 3492 inter
585 3430 723 3493 fundum
749 3432 808 3492 viri
826 3431 963 3492 condam
981 3430 1108 3512 providi
1128 3429 1294 3491 Michaelis
1319 3429 1522 3490 Thewtonici

265 3535 516 3600 Mothonhauser
540 3538 616 3600 dicti
648 3539 792 3600 habitam
823 3551 854 3599 et
885 3539 1084 3616 existentem,
1116 3536 1195 3598 duas
1226 3538 1329 3598 curias
1354 3537 1524 3617 integrales

263 3645 302 3704 ad
327 3663 419 3705 usum
445 3645 581 3707 civitatis
605 3644 726 3727 prefate
751 3647 782 3707 in
807 3666 840 3707 se
869 3645 1099 3722 continentem,
1123 3665 1140 3705 a
1165 3645 1306 3726 quodam
1331 3643 1468 3726 provido
1493 3660 1523 3706 et

264 3749 397 3812 honesto
414 3752 483 3813 viro
501 3751 658 3834 Dyoniaio
671 3751 764 3834 (filio)
782 3752 946 3833 quondam
964 3751 1119 3813 Anthonii
1135 3750 1389 3836 Sypchychdictl
1408 3750 1446 3810 de
1461 3751 1522 3811 Ra·

263 3857 380 3938 konok,
404 3857 508 3939 jurato
533 3859 691 3920 moderno
715 3873 747 3920 et
778 3860 903 3920 concivi
937 3858 1072 3920 civitatis
1104 3857 1303 3940 supradicte,
1328 3856 1424 3917 simul
1449 3877 1521 3918 curn

263 3964 415 4026 omnibus
437 3965 581 4026 eiusdem
607 3965 723 4027 domus
747 3985 802 4026 sue
828 3979 962 4042 mutate,
987 3963 1144 4044 fundique
1163 3963 1363 4041 utilitatibus,
1388 3962 1522 4042 juribus,

262 4071 371 4132 usibus
395 4085 426 4133 et
449 4072 655 4154 pertinenciis
680 4072 847 4152 universis,
872 4072 1011 4132 elaustro
1037 4085 1146 4132 nostro
1171 4091 1226 4132 seu
1252 4070 1387 4131 ecclesie
1412 4089 1521 4150 supra·

262 4175 347 4238 dicte
372 4189 402 4238 et
426 4197 482 4259 per
515 4197 716 4260 consequens
747 4177 897 4240 fratribus
929 4177 1073 4238 eiusdem
1106 4177 1234 4238 claustri
1268 4176 1468 4256 presentibus
1492 4189 1522 4235 et

262 4280 386 4362 futuris,
410 4304 468 4366 pro
494 4298 577 4347 certa
609 4285 746 4366 pecunie
778 4304 925 4366 sumpma
960 4285 1022 4345 emi
1056 4297 1087 4344 et
1118 4283 1313 4365 comparavi,
1337 4282 1379 4343 ita
1403 4295 1521 4360 tamen,

262 4389 350 4470 quod
374 4410 435 4472 ego
459 4389 555 4452 frater
579 4391 716 4453 Michacl
742 4391 914 4474 predictus,
939 4410 973 4450 ac
1006 4390 1060 4450 alii
1086 4388 1197 4450 fratres
1222 4388 1366 4450 eiusdem
1392 4388 1520 4450 claustri

262 4509 424 4577 presentes
447 4511 479 4560 et
502 4497 600 4559 futuri
639 4498 785 4558 eiusdem
819 4497 935 4558 domus
959 4509 990 4557 et
1022 4494 1113 4556 fundi
1146 4515 1204 4576 pro
1229 4509 1374 4575 tempore
1398 4513 1520 4575 posses-

262 4622 358 4681 sores,
383 4603 531 4664 universa
556 4617 587 4665 et
610 4605 738 4685 singula
762 4603 906 4682 servicia,
939 4622 1065 4664 necnon
1105 4615 1211 4680 taxas,
1236 4601 1373 4682 vigilias,
1406 4612 1437 4660 et
1460 4599 1520 4660 alia

263 4723 441 4792 opportuna
473 4710 557 4771 dicte
589 4711 726 4772 civitatis
757 4711 890 4792 negocia
923 4710 1063 4771 adinstar
1094 4709 1232 4770 aliorum
1264 4708 1346 4769 dicte
1383 4706 1520 4768 civitatis

263 4817 378 4878 civium
396 4835 548 4898 peragere
565 4831 598 4879 et
613 4818 737 4878 solvere
755 4817 947 4896 tenebimur,
964 4816 1149 4897 erimusque
1165 4815 1317 4896 obligati;
1343 4813 1402 4874 hoc
1420 4813 1519 4872 eciam

266 4943 412 5004 expresso
437 4944 472 4985 ac
496 4923 689 5006 specificato,
714 4926 802 5005 quod
819 4922 940 5004 prelata
965 4921 1081 4985 domus
1105 4936 1229 4984 murata
1244 4939 1383 4982 unacum
1408 4918 1520 4997 fundo,

265 5028 430 5117 hedificiis,
455 5051 579 5100 necnon
599 5031 670 5097 aliis
687 5031 809 5098 cunctis
826 5031 891 5097 suis
910 5029 1109 5110 utilitatibus,
1127 5029 1250 5114 juribus
1267 5041 1298 5094 et
1315 5026 1523 5112 pertinenciis
