3810 5806
380 529 437 591 106
902 532 989 588 Anno
1011 541 1101 608 1519.

373 761 511 823 sequens
536 743 692 805 universis
716 743 863 826 plebanis
879 743 963 805 dicte
989 743 1122 805 ecclesie
1147 757 1254 805 nostre
1271 762 1329 824 pro
1353 757 1507 826 perpetua
1523 743 1639 806 missa:

375 848 578 927 Humiliavit,
603 869 700 930 quam
726 849 926 910 honorabilis
946 849 1098 910 dominus
1115 849 1241 910 Blasius
1266 849 1423 930 plebanus
1440 864 1547 911 noster
1571 869 1640 910 mo·

375 955 493 1016 dernus
518 956 548 1016 in
574 975 689 1037 magna
715 975 767 1016 ara
794 956 932 1016 indicta
961 956 1096 1017 ecclesia
1129 969 1237 1016 nostra
1262 955 1362 1016 sancti
1388 955 1487 1017 Marci
1511 975 1639 1038 semper

375 1059 461 1122 feriis
485 1063 580 1124 sextis
604 1062 780 1122 solenniter
797 1061 958 1122 cantando
983 1061 1141 1143 usquead
1167 1061 1389 1124 elevacionem
1406 1061 1502 1122 misse
1525 1076 1639 1143 sponte

374 1181 404 1228 et
429 1168 577 1229 benivole
602 1169 763 1229 celebrare
787 1168 958 1249 assumpsit
981 1181 1013 1229 et
1036 1167 1184 1249 promisit
1212 1167 1379 1229 onerando
1403 1168 1638 1230 conscienciam

373 1294 463 1336 suam
489 1289 518 1335 et
542 1275 689 1336 omnium
714 1293 933 1335 successorum
959 1293 1103 1352 suorum,
1128 1289 1224 1355 atque
1253 1274 1364 1334 omnia
1388 1275 1582 1356 peragenda,
1606 1295 1640 1336 se

374 1395 404 1442 et
427 1401 503 1442 suos
527 1401 725 1443 successores
749 1400 850 1461 usque
875 1380 915 1441 ad
940 1379 1036 1442 finem
1055 1379 1168 1441 mundi
1190 1380 1259 1441 sine
1285 1380 1522 1443 intermissione
1547 1381 1640 1442 dictis

373 1484 461 1548 feriis
483 1489 580 1550 sextis
605 1508 677 1548 cum
704 1487 847 1549 collectis
871 1487 902 1548 in
922 1487 1041 1548 missali
1067 1487 1182 1548 maiori
1201 1487 1398 1569 conscriptis,
1420 1506 1528 1548 coram
1545 1488 1641 1548 nobis

374 1593 546 1675 obligavit;
572 1593 704 1654 domum
730 1608 838 1654 autem
860 1593 1064 1674 plebanalem
1083 1592 1249 1674 antiquam
1268 1605 1299 1654 et
1316 1607 1456 1654 veterem
1481 1593 1521 1655 de
1544 1594 1641 1675 lignis

374 1697 553 1761 edificatam
570 1715 601 1761 et
618 1701 708 1781 quasi
726 1700 891 1760 ruinosam
910 1699 964 1760 ubi
981 1699 1111 1781 plebani
1128 1717 1257 1780 semper
1281 1699 1312 1760 in
1338 1697 1517 1761 edificanda
1536 1701 1637 1762 domo

372 1806 534 1888 plebanali
560 1807 602 1868 ob
627 1807 848 1868 continuinam
882 1806 1009 1867 ruinam
1042 1805 1081 1867 de
1113 1805 1210 1886 lignis
1242 1803 1333 1884 facte,
1366 1805 1405 1867 de
1430 1807 1640 1888 proventibus

372 1913 438 1972 suis
462 1911 599 1994 propriis
624 1912 724 1974 multa
741 1931 901 1994 exponere
923 1913 1123 1993 cogebantur
1140 1925 1171 1973 et
1195 1911 1354 1990 solebant,
1379 1913 1581 1994 eandemque
1598 1913 1639 1974 ad

373 2019 466 2082 civile
491 2019 707 2080 convertimus
731 2033 762 2080 et
786 2016 917 2100 prefatis
941 2019 1075 2079 domino
1104 2017 1258 2100 episcopo
1283 2031 1315 2080 et
1339 2017 1488 2080 Enterico
1512 2019 1639 2080 literato

372 2127 510 2188 vendere
535 2127 708 2187 annuimus
726 2139 755 2186 et
781 2125 1008 2202 concessimus,
1026 2123 1250 2205 cuiusquidem
1272 2124 1415 2187 valorem
1440 2139 1472 2187 et
1495 2127 1638 2207 precium

372 2232 412 2292 ad
437 2251 550 2293 manus
574 2229 688 2314 prefati
714 2231 838 2293 domini
864 2231 961 2293 Blasii
987 2231 1116 2313 plebani
1145 2230 1245 2292 nostri
1270 2231 1418 2293 moderni
1443 2251 1501 2313 pro
1526 2231 1638 2309 inven-

371 2338 453 2399 tario
477 2339 531 2399 tali
556 2339 614 2401 sub
639 2339 843 2415 condicione,
867 2351 902 2399 ut
926 2338 993 2418 ipse
1019 2337 1171 2398 domiuus
1195 2337 1354 2418 plebanus
1382 2338 1518 2399 eandem
1542 2357 1638 2421 pecu·

374 2444 461 2504 niam
487 2457 542 2506 sut
566 2445 652 2525 apud
677 2464 709 2504 se
734 2458 841 2506 teneat
865 2459 984 2505 etcum
1011 2443 1123 2504 eadem
1141 2461 1199 2524 pro
1217 2444 1405 2505 necessitate
1421 2463 1477 2505 sua
1502 2445 1639 2526 aquirat,

372 2565 427 2610 aut
450 2551 545 2612 alicui
572 2552 659 2612 bono
685 2551 753 2612 viro
778 2551 902 2612 concivi
929 2565 1038 2612 nostro
1063 2570 1100 2610 ex
1129 2567 1227 2610 censu
1252 2550 1382 2610 annuali
1407 2551 1530 2631 absque
1554 2551 1638 2632 peri·

371 2657 445 2717 culo
470 2657 569 2738 ipsius
594 2657 729 2738 pecunie
755 2657 808 2717 det
821 2674 852 2717 et
876 2657 1016 2738 assignet
1042 2657 1096 2734 ita,
1121 2655 1209 2736 quod
1227 2674 1353 2737 semper
1378 2657 1514 2718 eandem
1541 2676 1639 2738 pecu·

371 2764 457 2823 niam
483 2765 514 2824 in
540 2778 650 2845 parato
677 2765 726 2824 vel
753 2765 783 2824 in
811 2765 903 2825 bonis
927 2764 992 2823 suis
1026 2764 1164 2845 propriis
1189 2761 1440 2845 equivalentem‚
1466 2763 1498 2823 in
1526 2763 1640 2824 mortis

371 2869 507 2931 articulo
531 2884 586 2930 aut
610 2871 688 2931 alias
712 2871 991 2951 qualitercumque
1026 2869 1184 2931 moderno
1216 2871 1358 2950 plebano
1383 2883 1493 2930 nostro
1518 2884 1548 2930 et
1573 2869 1640 2930 suis

372 2977 609 3037 successoribus
635 2977 843 3057 plebanatum
869 2977 1030 3037 dimittere
1048 2977 1260 3056 contingeret,
1285 2990 1401 3037 extunc
1424 2995 1552 3056 semper
1568 2995 1638 3038 suc-

372 3083 488 3144 cessori
514 3103 572 3144 suo
596 3082 751 3165 prefatam
782 3103 941 3144 summam
973 3083 1109 3165 pecunie
1141 3082 1302 3144 dimittere
1334 3083 1495 3144 tenebitur
1522 3083 1636 3144 eterit

371 3191 534 3270 obligatus
557 3191 716 3271 sicutique
740 3209 852 3251 omnes
876 3209 1074 3251 successores
1105 3191 1153 3250 sui
1178 3190 1341 3272 perpetuis
1365 3187 1481 3251 futuris
1504 3203 1630 3272 tempo·

373 3297 460 3357 ribus
484 3299 680 3358 tenebuntur
704 3310 735 3358 et
758 3311 851 3358 erunt
883 3297 1027 3376 obligati.
1062 3295 1194 3377 lnsuper
1225 3296 1376 3358 volumus
1402 3310 1432 3357 et
1461 3295 1493 3357 id
1518 3297 1633 3358 annui·

372 3423 443 3463 mus
467 3404 555 3484 quod
580 3423 706 3485 semper
731 3404 895 3464 annuatim
921 3422 1047 3484 semper
1079 3403 1276 3464 visitacionis
1299 3402 1514 3484 plebanorum
1540 3423 1637 3465 vene·

371 3510 481 3570 rabilis
506 3511 658 3571 dominus
682 3511 926 3572 archidiaconus
947 3509 1141 3570 kathedralis
1158 3523 1266 3570 noster
1290 3509 1366 3570 dum
1392 3510 1560 3571 ecclesiam
1579 3529 1636 3570 no-

370 3631 466 3678 stram
492 3617 710 3699 parochialem
736 3631 767 3678 et
790 3617 966 3698 plebanum
990 3617 1096 3696 gracia
1114 3615 1264 3676 visitandi
1282 3616 1417 3694 venerit,
1441 3630 1516 3678 tunc
1540 3636 1636 3678 vene·

371 3725 512 3784 rabilitas
535 3743 591 3784 sua
617 3723 757 3804 inquirat
781 3722 821 3784 de
846 3722 1067 3784 celebracione
1100 3723 1212 3783 misse:
1239 3722 1443 3802 Humiliavit,
1468 3722 1563 3785 etde
1588 3724 1634 3784 iu-

370 3831 514 3892 ventario
546 3829 667 3912 prefate
699 3829 834 3912 pecunie
867 3829 972 3891 eidem
1005 3829 1140 3890 domino
1173 3829 1313 3911 plebano
1345 3829 1520 3909 assignato,
1556 3830 1635 3891 etsi

370 3937 487 4018 aliquis
511 3936 654 3998 delectus
679 3937 944 4013 committeretur,
968 3935 1193 3997 venerabilitas
1221 3955 1277 3997 sua
1303 3955 1360 4017 pro
1385 3949 1462 3998 voto
1487 3949 1518 3997 et
1542 3935 1635 3997 libito

369 4062 427 4104 suo
453 4043 603 4104 emendet
628 4057 658 4103 et
682 4057 813 4122 arguat;
839 4057 982 4122 preterea
1006 4055 1151 4122 tempore
1175 4041 1364 4103 collacionis
1388 4055 1420 4103 et
1444 4041 1635 4104 donacionis

370 4149 520 4231 plebanie
543 4163 661 4228 nostre,
685 4149 789 4210 eidem
815 4149 956 4231 plebano
985 4163 1095 4210 nostro
1127 4168 1184 4230 per
1208 4168 1267 4210 nos
1300 4163 1331 4209 et
1354 4168 1553 4210 successores
1577 4168 1633 4210 no·

369 4271 451 4318 stros
468 4258 544 4318 dum
572 4257 718 4336 eligetur,
733 4256 845 4317 missa:
864 4255 1067 4333 Humiliavit,
1082 4275 1154 4316 cum
1169 4255 1239 4316 aliis
1256 4255 1360 4316 missis
1378 4255 1494 4316 nostris
1510 4275 1636 4337 semper

369 4363 563 4425 enodabitur
593 4377 623 4423 et
655 4360 912 4422 manifestabitur
945 4362 1146 4424 celebranda.
1180 4362 1247 4422 Nos
1280 4361 1388 4442 itaque
1420 4363 1636 4423 communitas

369 4468 490 4551 prefata
516 4470 739 4530 universorum
759 4469 877 4530 civium
895 4469 1031 4529 civitatis
1049 4467 1189 4549 predicte
1212 4469 1244 4529 in
1263 4469 1379 4530 nostris
1404 4482 1434 4529 et
1457 4469 1634 4530 multorum

368 4596 587 4638 successorum
613 4591 796 4637 nostrorum
823 4575 966 4657 perpetui
991 4573 1089 4635 futuri
1107 4575 1262 4656 temporis
1287 4575 1380 4636 nobis
1397 4575 1549 4636 continue
1566 4593 1637 4636 suc·

369 4684 556 4744 cedentibus
581 4682 726 4764 personis
750 4682 968 4763 peticionibus
985 4681 1127 4763 ipsorum
1147 4681 1316 4743 reverendi
1341 4680 1465 4742 domini
1491 4681 1636 4764 episcopi

371 4791 580 4851 Rosoniensis
604 4804 663 4850 etc.
697 4803 727 4850 et
753 4787 890 4849 Emerici
923 4789 1040 4849 literati
1074 4787 1331 4868 supradictorum
1366 4788 1531 4869 porrectis,
1556 4803 1637 4850 tam·
1708 4815 1713 4824 ·

368 4916 464 4976 quarn
491 4895 580 4975 justis
605 4896 731 4976 iurique
757 4895 907 4956 consonis
932 4909 963 4956 et
988 4895 1138 4974 congruis
1163 4908 1194 4955 et
1210 4893 1378 4972 exauditis,
1403 4893 1566 4975 digneque
1585 4913 1635 4953 ac·

373 5005 484 5085 ceptis,
508 5002 664 5085 prefatam
691 5005 824 5064 domum
850 5017 1007 5064 muratam
1042 5021 1114 5063 cum
1140 5003 1261 5063 cunctis
1292 5001 1357 5063 suis
1381 5000 1573 5062 utilitatibus
1597 5000 1637 5061 ad
