3840 5800
987 1493 1083 1576 Vlll.

403 1707 611 1787 Convencio
628 1731 706 1784 cum
720 1707 969 1808 prebendariis
985 1731 1094 1808 super
1109 1707 1228 1784 missis
1244 1706 1336 1782 inira
1349 1706 1529 1783 notandis.
1553 1703 1665 1782 1503.

406 1938 506 2002 Cum
542 1937 844 2021 prebendariis
884 1935 996 1999 fecta
1038 1951 1100 2000 est
1135 1937 1374 1999 convencio
1417 1955 1490 2019 pro
1534 1935 1660 1997 missa

405 2044 732 2126 Assumpcionis
762 2044 891 2106 Marie
923 2044 1107 2126 virginis
1138 2043 1342 2125 gloriose,
1373 2061 1498 2125 super
1530 2041 1661 2104 altari

403 2171 481 2234 per
505 2149 917 2212 reverendissimum
953 2150 1167 2212 dominum
1195 2150 1357 2228 Lucam,
1390 2148 1603 2210 dominum
1628 2161 1668 2208 et

403 2257 617 2338 prelatum
652 2270 839 2317 nostrum
873 2256 1263 2336 graciosissimum‚
1297 2256 1336 2317 in
1367 2254 1616 2316 sanctuario
1649 2273 1667 2314 a

405 2363 531 2444 plaga
556 2361 837 2424 meridionali
863 2363 910 2424 de
941 2381 1050 2423 novo
1082 2359 1275 2440 fundato,
1300 2361 1491 2443 singulis
1515 2360 1668 2422 diebus

406 2467 699 2530 continuanda
731 2468 805 2528 sub
839 2487 985 2548 magna
1017 2469 1152 2546 missa,
1185 2487 1316 2549 usque
1348 2467 1398 2528 ad
1423 2465 1667 2528 revolutio·

405 2594 493 2636 nem
526 2575 642 2652 anni,
675 2594 748 2655 pro
780 2572 877 2636 flor.
911 2575 1069 2654 viginti
1106 2575 1295 2656 quinque
1328 2575 1368 2635 in
1401 2574 1566 2636 duobus
1589 2585 1667 2634 ter·

406 2679 534 2742 minis
558 2681 714 2741 eisdem
743 2680 1309 2762 solvendis‚proquamissa
1337 2699 1408 2762 per
1432 2677 1666 2742 ant‘efatum

407 2786 816 2848 reverendissimum
850 2786 1065 2847 dominum
1099 2787 1251 2848 Lucam
1286 2799 1427 2868 empta
1460 2799 1524 2846 est
1554 2784 1667 2846 Bude

406 2913 484 2954 una
510 2893 656 2953 domus
680 2893 836 2953 acialis
862 2893 900 2952 in
932 2913 1028 2955 area
1053 2913 1076 2956 s.
1100 2893 1270 2954 Nicolni
1295 2891 1560 2953 confessoris
1594 2911 1668 2974 pro

408 2997 505 3061 llor.
539 2999 657 3060 mille
691 2999 1042 3080 quadringentis,
1075 2999 1374 3081 quamquidem
1407 3000 1577 3060 missam
1610 3018 1668 3060 ce·

410 3120 563 3188 perunt
595 3107 850 3166 continuare
883 3107 1010 3166 iidem
1044 3106 1321 3188 prebendarii
1352 3107 1390 3167 in
1416 3104 1526 3168 festo
1552 3106 1668 3167 beati

512 3212 679 3272 Alberti
705 3212 894 3273 martiris
919 3213 1030 3274 circa
1055 3211 1183 3274 finem
1211 3213 1373 3274 mensis
1397 3213 1562 3295 aprilis.

515 3441 665 3502 Secundo
690 3441 741 3503 die
767 3441 949 3502 Natiuitatis
980 3441 1113 3520 virginis
1143 3442 1294 3522 gloriose,
1327 3443 1505 3532 secundum
1528 3462 1669 3506 conven-

410 3549 536 3608 cionem
562 3549 708 3628 superius
733 3561 957 3628 expressarum,
983 3567 1041 3629 pro
1064 3545 1185 3630 prefate
1207 3549 1302 3610 misse
1326 3549 1585 3632 supportacione,
1603 3549 1669 3611 dsti

410 3667 482 3714 sunt
507 3654 726 3734 prebendariis
749 3653 818 3717 flor.
844 3653 1017 3715 duodecim
1043 3667 1073 3714 et
1098 3653 1232 3717 medius.

514 3759 591 3821 ltem
624 3779 682 3842 pro
715 3759 859 3821 eiusdem
893 3759 987 3821 misse
1024 3761 1272 3842 supportatione
1304 3760 1424 3822 eisdem
1448 3761 1671 3843 prebendariis

410 3865 475 3926 dati
501 3879 575 3926 sunt
599 3865 667 3928 flor.
692 3866 863 3926 duodecim
889 3881 919 3926 et
953 3865 1090 3944 medius,
1115 3867 1214 3929 tercio
1248 3866 1299 3928 die
1331 3865 1402 3929 sesti
1427 3867 1511 3930 beati
1537 3865 1672 3949 Georgii

411 3970 558 4032 martiris.
584 3975 681 4032 Anno
706 3971 849 4034 Domini.
881 3992 972 4051 1504.

516 4077 640 4138 Eodem
665 4097 751 4139 anno
776 4079 807 4138 in
833 4076 913 4138 festo
940 4078 1057 4139 Mathei
1095 4079 1232 4160 apostoli
1267 4078 1331 4140 dati
1355 4093 1429 4142 sunt
1453 4079 1575 4142 eisdem
1599 4079 1672 4146 flor.

409 4183 580 4244 duodecim
606 4197 637 4244 et
662 4184 796 4248 medius.

516 4289 592 4352 lnem
619 4311 703 4352 anno
730 4291 862 4352 Domini
887 4292 1062 4354 millesimo
1095 4293 1355 4374 quingentesimo
1379 4293 1504 4374 quinto,
1528 4293 1672 4356 secundo

411 4397 463 4457 die
490 4397 587 4458 Marci
615 4398 820 4477 ewangeliste
846 4397 910 4458 dati
935 4413 1009 4459 sunt
1033 4398 1153 4461 eisdem
1186 4398 1255 4462 flor.
1282 4398 1455 4461 duodecim
1480 4413 1511 4461 et
1534 4399 1672 4462 medius.

376 4491 378 4494 ’
517 4503 642 4564 Eodem
676 4524 761 4565 anno
795 4505 826 4565 in
859 4503 940 4565 festo
974 4505 1120 4566 Mauricii
1153 4505 1217 4566 dati
1255 4518 1328 4566 sunt
1352 4505 1473 4568 eisdem
1497 4505 1566 4569 flor.
1592 4505 1672 4568 duo·

412 4607 515 4670 decim
541 4623 571 4670 et
595 4609 731 4672 medius.

515 4713 593 4777 ltem
618 4737 703 4778 anno
736 4717 867 4778 Domini
900 4717 1075 4778 millesimo
1107 4718 1368 4798 quingentesimo
1401 4733 1502 4796 sexto,
1534 4716 1673 4780 infesto

412 4823 494 4882 Petri
520 4823 658 4884 martiris
682 4823 746 4884 dati
771 4839 844 4885 sunt
867 4823 1087 4903 prebendariis
1111 4823 1177 4888 flor.
1203 4824 1375 4886 duodecim
1401 4837 1432 4887 et
1455 4823 1591 4886 medius.

517 4929 640 4990 Eodem
673 4950 758 4990 anno
784 4931 815 4990 in
848 4929 929 4992 festo
962 4929 1097 4992 Gerardi
1130 4931 1287 5008 martiris,
1323 4932 1419 4993 soluti
1451 4944 1526 4992 sunt
1549 4930 1671 4993 eisdem

411 5034 481 5104 flor.
505 5036 677 5098 duodecim
703 5051 734 5099 et
759 5038 893 5102 medius.
