3810 5806
916 587 1003 644 Anao
1025 595 1114 661 1503.

489 799 641 876 (Scheria)
666 799 732 859 Nos
757 797 973 858 communitas
1002 797 1120 858 civium
1154 796 1291 858 civitatis
1323 810 1429 858 nostre
1455 797 1646 878 Montisgre-

383 906 495 966 censis.
522 905 677 966 Memorio
703 903 970 966 commendamus
995 919 1105 966 tenore
1123 904 1323 986 presencium
1348 905 1505 966 universis
1529 905 1647 986 quibus

381 1011 527 1092 expedit;
553 1011 640 1092 quod
675 1011 751 1092 quia
783 1030 842 1072 nos
873 1010 1038 1092 quoddam
1072 1010 1181 1072 locum
1212 1011 1373 1072 desertum
1398 1031 1497 1092 penes
1521 1025 1645 1093 portam

381 1131 521 1178 nostram
546 1117 706 1199 lapideam
733 1118 772 1177 ab
798 1117 890 1194 intra,
919 1137 1016 1196 penes
1040 1118 1152 1178 turrim
1177 1116 1320 1178 eiusdem
1347 1132 1436 1198 porte
1456 1117 1593 1198 lapidee,
1614 1119 1643 1179 in

381 1223 549 1285 latitudine
581 1239 702 1305 septem
724 1224 872 1284 ulnarum
892 1221 1078 1300 ferrearum,
1103 1223 1134 1283 in
1160 1223 1362 1304 longitudine
1387 1244 1464 1286 vero
1488 1225 1641 1286 tredecim

381 1329 530 1390 ulnarum
556 1349 588 1390 se
613 1329 848 1406 extendentem,
876 1329 972 1389 simul
996 1349 1069 1389 cunt
1094 1329 1245 1389 omnibus
1269 1329 1413 1391 eiusdem
1438 1331 1501 1392 loci
1525 1331 1644 1392 deserti

381 1436 581 1514 utilitatibus,
606 1436 737 1516 juribus,
762 1435 872 1496 usibus
897 1449 927 1496 et
951 1435 1156 1516 pertinenciis
1181 1435 1337 1497 universis
1354 1436 1503 1517 prudenti
1528 1451 1559 1498 et
1584 1437 1639 1498 ho·

381 1557 471 1603 nesto
496 1543 565 1603 viro
590 1543 743 1623 magistro
769 1543 916 1603 Emerico
941 1541 1067 1603 literato
1092 1541 1131 1602 de
1161 1541 1277 1620 Crisio,
1306 1543 1424 1603 seniori
1449 1542 1547 1624 judici
1565 1543 1640 1605 civi-

380 1650 452 1709 tatis
477 1648 596 1731 prefate
623 1669 680 1730 pro
705 1669 757 1709 sex
777 1648 844 1710 flor.
864 1647 1069 1708 vendidimus
1086 1663 1116 1709 et
1136 1649 1342 1728 contulimus,
1360 1649 1460 1712 immo
1485 1648 1643 1728 dedimus,

380 1753 576 1816 conferimus
601 1754 668 1836 jure
693 1769 849 1838 perpetuo
874 1770 904 1816 et
930 1755 1182 1816 irrevocabiliter
1202 1756 1390 1833 tenendum,
1415 1756 1644 1838 possidendum

380 1862 497 1943 pariter
522 1875 552 1923 et
576 1860 772 1940 habendum,
797 1880 833 1922 ac
858 1863 944 1922 iuxta
975 1861 1201 1923 condicionem
1235 1863 1372 1924 civitatis
1404 1877 1570 1945 prenotate
1605 1865 1645 1924 ab

380 1968 514 2049 antiquo
539 1967 780 2050 privilegialiter
805 1967 1013 2050 approbatam
1039 1969 1349 2050 quomodocumque
1374 1969 1512 2031 voluerit
1537 1971 1644 2051 dispo·

381 2074 535 2138 nendum.
563 2074 594 2135 ln
622 2075 711 2135 cuius
735 2075 779 2135 rei
805 2074 995 2135 memoriam
1021 2094 1056 2134 ac
1082 2073 1263 2136 firmitatem
1289 2092 1476 2157 perpetuam
1502 2077 1644 2158 sigillum

381 2193 525 2242 nostrum
552 2201 725 2241 commune
750 2180 902 2242 duximus
934 2169 1197 2262 appendendum.
1233 2181 1348 2242 Datum
1374 2181 1451 2244 leria
1477 2197 1588 2264 quarta
1614 2203 1644 2243 tn

382 2285 524 2370 profesto
550 2286 789 2348 l'uriiicacionis
817 2287 926 2349 Marie.
962 2291 1056 2347 Anno
1091 2287 1221 2347 Domini
1257 2289 1432 2350 millesimo
1456 2291 1645 2372 quingente-

381 2413 464 2454 simo
489 2407 598 2456 tercio.
