3840 5800
830 519 977 580 Rationes.
1455 537 1515 601 305

359 733 400 794 Et
424 731 564 793 domiuis
590 731 696 793 Blasio
713 731 891 794 chasmensi
910 745 942 794 et
958 731 1111 812 magistro
1129 731 1273 795 Fabiano
1295 751 1354 814 pro
1371 733 1518 816 expensis

254 841 294 902 ad
320 839 493 902 Chasmam
520 838 552 898 in
576 858 670 899 causa
688 837 933 920 dupplariorum
958 837 1027 901 flor.
1044 837 1093 916 III,
1117 838 1176 900 sol.
1192 838 1267 914 LX;
1292 858 1354 920 que
1379 840 1517 921 pecunia

254 944 315 1008 fuit
351 947 454 1027 legata
486 963 541 1026 per
578 944 766 1027 episcopum
806 943 1023 1026 Stephanum,
1066 963 1161 1026 super
1196 963 1277 1024 quos
1310 964 1376 1005 non
1411 943 1515 1006 habeo

258 1051 497 1132 obligatoriam.
764 1029 767 1036 '
813 1050 946 1112 Summa
970 1049 1039 1112 flor.
1064 1047 1475 1129 tenxx1111,s01.xxvu.

361 1157 439 1218 Item
470 1157 560 1236 1506.
584 1154 663 1217 feria
688 1169 800 1238 quarta
823 1170 896 1238 post
924 1156 1122 1218 dominicam
1154 1155 1336 1218 Palmarum
1362 1155 1401 1217 de
1427 1175 1517 1218 man-

256 1263 331 1325 dato
357 1261 567 1324 dominorum
591 1260 666 1322 dedi
692 1261 829 1324 discreto
860 1261 992 1324 Matheo
1023 1261 1237 1344 prebendario
1261 1262 1442 1344 rectorique
1465 1282 1519 1325 are

255 1370 355 1432 sancti
381 1369 514 1451 Georgii
535 1369 673 1430 martiris
694 1369 725 1430 in
745 1369 877 1432 ecclesia
894 1369 1072 1431 kathedrali
1089 1369 1158 1433 flor.
1173 1383 1306 1452 septem.
1331 1369 1409 1431 Item
1427 1383 1518 1431 antea

255 1477 402 1539 similiter
418 1477 531 1538 habuit
547 1475 616 1542 flor.
640 1474 751 1559 vul„
774 1474 852 1539 feria
876 1476 1015 1540 secunda
1039 1475 1251 1560 postrenum
1268 1478 1436 1539 beatorum
1453 1476 1518 1539 Viti

256 1597 287 1646 et
311 1583 448 1646 Modesti
473 1582 652 1662 martirum,
684 1582 716 1644 in
749 1603 834 1645 anno
866 1583 998 1645 Domini
1035 1603 1128 1666 1504,
1160 1584 1199 1645 de
1229 1583 1376 1666 pecuniis
1399 1582 1516 1664 Angeli

257 1691 466 1754 Decretorum
492 1684 562 1758 D'ss'.

362 1796 439 1858 Item
464 1794 542 1858 seris
567 1795 708 1858 secunda
728 1810 802 1858 ante
818 1793 934 1859 festum
960 1796 1044 1858 beati
1062 1796 1132 1858 Elie
1150 1795 1305 1880 prophete
1335 1796 1426 1876 ¹50⁶·
1443 1794 1519 1858 dedi

257 1903 362 1966 eidem
388 1903 502 1966 iterum
526 1901 595 1966 flor.
621 1899 692 1968 IIII.

360 2009 439 2072 Item
469 2011 559 2090 1508.
590 2009 669 2072 feria
699 2010 797 2072 tercia
829 2023 902 2093 post
933 2008 1049 2072 festum
1081 2009 1308 2091 Apparicionis
1332 2009 1432 2072 sancti
1458 2009 1519 2070 Mi·

256 2116 374 2178 chaelis
386 2114 579 2197 archangeli,
593 2116 707 2178 iterum
722 2117 808 2178 idem
825 2116 976 2179 dominus
993 2114 1139 2177 Matheus
1156 2115 1296 2177 decanus
1319 2113 1432 2177 habuit
1448 2114 1519 2180 flor.

256 2221 338 2308 V1l„
362 2223 453 2286 etsie
476 2237 550 2285 sunt
574 2223 725 2306 completi
750 2223 819 2287 flor.
842 2221 969 2301 XXIIII,
997 2241 1079 2304 quos
1108 2221 1227 2303 legavit
1242 2223 1387 2305 Angelus
1404 2222 1520 2284 Decre-

256 2345 362 2392 torum
388 2328 444 2392 Dr.
469 2349 522 2391 are
546 2330 646 2392 sancti
672 2327 805 2411 Georgii
830 2329 977 2392 martiris.

366 2434 444 2499 Item
486 2437 578 2517 1508.
615 2436 698 2497 circa
738 2434 855 2498 festum
887 2435 1141 2518 Epiphaniarum
1174 2435 1248 2496 dedi
1282 2434 1416 2496 domino
1452 2453 1519 2496 ma·

255 2542 354 2624 gistro
391 2543 567 2604 BenedIcto
603 2543 759 2604 canonico
794 2541 981 2604 subcustodi
1013 2563 1072 2625 pro
1104 2540 1285 2604 reficiendis
1322 2542 1520 2604 ornamentis

258 2648 511 2714 sacerdotalibus
528 2697 534 2713 .
551 2697 559 2712 .
575 2697 583 2712 .
599 2647 668 2711 flor.
691 2648 726 2712 II.

362 2755 441 2818 Item
466 2755 541 2818 dedi
566 2755 720 2838 Capitulo
744 2756 804 2817 sub
828 2775 883 2837 spe
906 2755 1120 2817 restitucionis
1144 2768 1257 2817 mutuo
1282 2753 1351 2818 flor.
1374 2752 1519 2835 II⁰XLIII‚

258 2875 293 2923 ut
316 2875 403 2943 patet
428 2882 466 2924 ex
497 2861 598 2924 literis
630 2881 753 2923 eorum.
789 2896 832 2906 -
863 2859 963 2923 Iidem
996 2861 1120 2923 domini
1153 2862 1359 2924 restituerunt
1383 2861 1463 2923 mihi
1486 2861 1519 2922 in

257 2982 376 3030 sortem
390 2967 636 3051 prescriptorum
649 2968 859 3050 pecuniarum
882 2966 952 3031 flor.
965 2965 1103 3048 XXXIII,
1117 2968 1176 3032 sol.
1190 2964 1302 3032 LXXII
1319 2967 1352 3029 in
1368 2967 1520 3030 sacristia.

807 3180 963 3244 Exitus.

368 3323 459 3404 1508.
490 3334 562 3405 post
593 3321 756 3384 racionem
787 3320 902 3385 factam
933 3323 1076 3385 secundo
1107 3323 1158 3384 die
1191 3321 1262 3385 Iesti
1287 3323 1372 3384 beati
1395 3321 1517 3384 Vrbani

258 3448 339 3512 pape
363 3442 395 3490 et
419 3428 556 3490 martisis
580 3429 613 3490 in
637 3428 778 3491 sacristia
803 3429 943 3490 dominis
967 3429 1007 3490 de
1024 3429 1188 3512 Capitulo‚
1212 3441 1359 3511 presente
1384 3427 1518 3489 domiuo

258 3535 421 3618 preposito
447 3547 506 3598 etc.
538 3547 573 3596 ut
604 3547 690 3617 patet
721 3555 777 3618 per
809 3555 924 3598 manus
955 3536 1080 3598 domini
1113 3535 1267 3619 Stephani
1291 3535 1420 3598 lectoris
1443 3553 1520 3596 con·

260 3641 408 3723 scriptam
436 3641 579 3723 exposui,
603 3654 638 3702 ut
661 3639 743 3702 infra
767 3655 864 3725 patet.

362 3745 440 3810 Item
465 3747 540 3809 dedi
565 3747 596 3808 in
630 3747 741 3828 vIgilia
774 3749 1019 3831 Assumpci0nis
1051 3751 1143 3812 beate
1175 3749 1277 3811 Marie
1305 3747 1439 3829 virginis
1462 3745 1521 3808 do·

257 3855 347 3915 mino
371 3854 523 3935 magistro
549 3854 724 3917 Benedicto
747 3855 933 3917 subcustodi
959 3876 1017 3938 pro
1035 3855 1288 3938 ligandis.libris
1312 3869 1343 3917 et
1366 3852 1519 3916 reforma·

256 3961 349 4022 cione
373 3962 509 4023 vestium
534 3960 783 4023 sacerdotalium
805 3961 874 4025 flor.
897 3977 1046 4045 quatuor.

342 4064 440 4144 Item
465 4067 579 4129 iterum
606 4067 679 4128 dedi
712 4067 818 4129 eidem
843 4069 978 4131 domino
1010 4069 1162 4150 magistro
1195 4068 1372 4130 Benedicto
1404 4067 1436 4128 in
1462 4067 1519 4129 do·

257 4173 374 4235 minica
399 4174 540 4236 secunda
564 4174 731 4236 Adventus
756 4174 888 4237 Domini
913 4195 972 4257 pro
997 4175 1184 4237 necessitate
1210 4175 1342 4236 ecclesie
1366 4173 1449 4236 circa
1466 4193 1515 4236 sa·

257 4281 397 4344 cristiam
420 4279 561 4343 fiendam
585 4281 654 4347 flor.
677 4279 724 4345 III.
