3840 5800
382 575 445 639 320
933 551 1083 616 Restm

383 789 510 852 papam,
534 769 578 830 ibi
604 760 747 850 expositi¹
763 779 837 827 sunt
862 785 934 827 cum
963 764 1254 847 protestaciouibus
1277 776 1308 824 et
1339 763 1471 825 notariis
1497 764 1556 824 sub
1581 807 1642 825 ...

379 876 453 940 den.
475 872 607 938 XXXV.

486 983 565 1046 Item
575 1001 634 1065 pro
643 980 841 1043 redimendis
854 979 1040 1063 apostolicis
1053 981 1310 1063 appellationem
1319 979 1359 1041 ad
1373 993 1513 1040 sanctam
1532 977 1642 1038 sedem

387 1089 608 1172 apostolicam,
643 1087 785 1149 dominis
816 1086 1058 1169 Capitularibus
1075 1135 1082 1150 .
1101 1135 1133 1150 ..
1158 1085 1227 1152 flor.
1250 1085 1273 1150 I.
1297 1087 1418 1168 absque
1442 1083 1641 1146 remissione.

487 1196 564 1259 Item
589 1195 629 1256 ad
653 1193 878 1276 Apostolicum
889 1195 1051 1256 mittentes
1074 1193 1332 1276 appellacionem
1352 1193 1470 1255 nuncio
1493 1211 1550 1254 seu
1573 1210 1644 1252 cur·

386 1303 450 1366 sori
475 1302 539 1364 dati
563 1315 637 1363 sunt
660 1320 718 1383 pro
742 1300 929 1364 labore...
953 1300 1022 1364 flor.
1044 1299 1104 1364 IIII.

490 1408 568 1470 Item
593 1427 652 1490 pro
676 1407 829 1489 rescripto
861 1406 983 1468 ibidem
1009 1409 1130 1489 absque
1163 1407 1392 1486 misericordia,
1417 1408 1448 1468 In
1476 1425 1555 1468 auro
1579 1405 1644 1466 dati

384 1529 532 1578 sunt...
556 1513 625 1576 flor.
656 1511 713 1593 III.,
745 1527 777 1575 et
800 1512 861 1575 hoc
894 1513 1105 1596 probabimus
1136 1534 1192 1596 per
1223 1515 1411 1595 magistrum
1436 1512 1645 1575 MelchIorem

388 1623 580 1685 canonicum
612 1621 865 1703 zagrabiensem,
897 1621 929 1681 in
962 1621 1049 1682 curia
1083 1621 1230 1683 Romana
1255 1635 1372 1684 eotunc
1396 1620 1588 1684 residentem
1613 1620 1645 1680 in

384 1726 536 1812 causisst)
561 1725 833 1789 Reverendissimi
858 1725 982 1788 domini
1008 1725 1200 1792 Cardinalis.

490 1834 569 1897 Item
594 1853 650 1917 per
673 1833 908 1896 annicirculum
933 1834 1065 1915 quando
1097 1852 1227 1896 causam
1251 1833 1403 1896 dominus
1427 1833 1568 1895 decanus
1591 1832 1645 1893 de-

385 1941 455 2004 buit
480 1939 701 2022 quartusmeth
721 1953 753 2002 et
769 1940 947 2022 aliquando
963 1955 1029 2003 tota
1053 1943 1271 2004 communitas
1286 1941 1471 2019 sollicitare,
1495 1953 1570 2002 tunc
1587 1958 1646 2021 pro

328 2021 339 2037 ⁶
387 2047 494 2110 Missis
508 2047 679 2110 ordinariis
695 2047 780 2108 iuxta
797 2047 925 2109 stallum
939 2043 977 2129 (?)
991 2063 1097 2110 nostre
1115 2045 1395 2111 Confraternitatis
1419 2045 1511 2126 facte,
1536 2045 1647 2108 debuit

387 2156 512 2216 solvere
536 2154 753 2236 supportatori
778 2154 810 2214 in
827 2202 834 2217 .
852 2202 884 2218 ..
907 2153 976 2221 flor.
999 2152 1034 2218 II.

412 2348 418 2362 ι
491 2257 569 2322 Item
595 2260 749 2322 interesse
773 2273 805 2322 et
828 2260 967 2343 dampna
989 2262 1205 2324 noluissemus
1221 2263 1286 2344 pati
1310 2281 1369 2344 pro
1393 2260 1463 2325 flor.
1488 2261 1647 2342 quinqua·

388 2362 487 2430 ginta.

492 2453 572 2516 Item
596 2454 628 2515 in
652 2453 734 2516 festo
755 2455 1000 2538 Assumpcionis
1023 2459 1115 2518 beate
1132 2457 1265 2538 virginis
1290 2457 1390 2518 Marie
1415 2457 1501 2518 citati
1525 2451 1648 2517 fuimus

389 2562 430 2624 ad
454 2561 586 2625 Curiam
611 2561 787 2643 legacionis
809 2580 866 2644 per
890 2559 1068 2646 A(ctorem)
1089 2563 1241 2626 videlicet
1266 2563 1465 2625 Demetrium
1489 2577 1646 2624 assertum

389 2669 603 2752 Prepositum,
627 2668 660 2730 in
685 2687 748 2750 que
773 2669 928 2731 citacione
961 2670 1067 2731 statIm
1100 2670 1297 2754 appellatum
1322 2669 1426 2732 extitit
1449 2669 1489 2730 ad
1514 2667 1647 2731 Curiam

392 2794 569 2854 romanam,
602 2795 661 2857 pro
696 2775 908 2858 inscrIpcione
944 2777 1060 2839 notarii
1095 2791 1126 2839 et
1149 2777 1383 2860 protestatione
1407 2777 1543 2859 expositi
1575 2789 1650 2838 sunt

469 2881 542 2944 den.
565 2881 634 2944 XV.

495 2987 573 3050 Item
597 3007 656 3070 pro
679 2988 777 3070 pariis
800 2989 967 3052 citacionis
990 2990 1030 3052 ad
1056 2989 1188 3052 Curiam
1220 2989 1396 3070 legacionis
1419 2988 1553 3050 domino
1578 3007 1650 3050 exe·

392 3092 496 3157 cutori
513 3141 521 3158 .
537 3139 546 3156 .
563 3145 569 3158 .
595 3092 666 3159 flor.
694 3093 743 3178 V„

496 3199 574 3263 Item
606 3201 646 3263 ad
678 3202 852 3266 terminum
885 3202 1139 3285 strigoniensem
1179 3201 1350 3264 debuimus
1389 3221 1495 3264 emere
1527 3201 1652 3264 duabus

391 3306 538 3391 personis
561 3306 644 3370 duos
661 3327 762 3389 equos
779 3328 851 3371 cum
869 3311 1022 3372 omnibus
1038 3309 1219 3372 attinenciis
1235 3357 1242 3371 .
1259 3357 1266 3372 .
1283 3357 1291 3374 .
1317 3308 1387 3372 flor.
1404 3306 1513 3372 XVIII.
1528 3309 1601 3374 den.
1613 3309 1653 3372 X.

499 3411 577 3474 Item
603 3413 782 3476 ambulanti
807 3415 943 3477 domino
968 3437 1006 3476 ex
1039 3415 1189 3490 fratribus
1215 3415 1413 3497 Strigonium
1439 3413 1577 3477 infesto
1602 3435 1655 3477 oc-

395 3533 466 3581 tave
491 3519 734 3600 Assumpcionis
758 3521 858 3582 Marie
884 3541 986 3603 usque
1007 3520 1124 3584 festum
1148 3523 1233 3583 beati
1252 3522 1415 3604 Lamperti
1440 3522 1480 3584 ad
1504 3521 1656 3584 victualia

396 3645 452 3688 sua
477 3639 508 3688 et
532 3644 692 3706 equorum
716 3627 851 3709 expositi
875 3642 1023 3693 sunt...
1055 3628 1124 3693 flor.
1147 3627 1212 3692 XII.
1672 3611 1675 3616 Ι

500 3732 578 3794 Item
603 3735 801 3815 procuratori
827 3755 920 3798 cause
945 3736 1099 3818 Strigonii
1133 3737 1198 3798 dati
1222 3750 1297 3798 sunt
1314 3785 1322 3801 .
1341 3784 1375 3800 ..
1400 3735 1469 3800 flor.
1492 3737 1530 3799 V.

502 3838 579 3900 Item
594 3858 652 3921 pro
665 3839 765 3902 literis
781 3843 1006 3924 compulsoriis
1023 3842 1158 3904 domino
1174 3842 1352 3905 reverendo
1368 3842 1518 3905 Auditori
1537 3841 1658 3905 Chesio

396 3945 490 4008 datus
513 3959 636 4008 est...
659 3945 729 4008 flor.
753 3945 774 4012 I.

502 4050 581 4113 Item
606 4051 747 4114 dominis
771 4055 903 4116 notariis
920 4075 978 4137 pro
1001 4055 1199 4117 redimendis
1216 4055 1509 4118 Protestacionibus
1526 4056 1558 4118 in
1583 4057 1659 4118 sede

477 4157 540 4220 den
563 4154 633 4221 XX.

501 4263 580 4328 Item
606 4266 727 4328 ibidem
745 4269 866 4329 cursori
892 4267 990 4332 Curie
1007 4270 1184 4351 legacionis
1201 4270 1266 4332 dati
1291 4285 1365 4332 sunt
1382 4316 1390 4332 .
1409 4317 1417 4332 .
1435 4319 1443 4332 .
1468 4270 1542 4332 den.
1558 4267 1658 4332 XXV.

503 4369 582 4434 Item
607 4371 869 4436 Procuratorium
894 4377 1082 4438 mandatum
1107 4375 1242 4438 facimus
1265 4375 1333 4438 lieri
1357 4375 1524 4457 Zagrebie‚
1547 4395 1660 4459 parga-

398 4495 531 4540 menum
555 4492 774 4560 emptum...
798 4479 871 4541 den.
895 4477 960 4544 XII.
1017 4500 1023 4518 ·

503 4582 566 4645 Pro
590 4583 754 4666 legalitate
778 4587 894 4648 notarii
919 4587 1011 4650 datus
1035 4601 1081 4651 est
1099 4638 1106 4651 .
1124 4635 1158 4653 ..
1182 4588 1252 4654 flor.
1275 4587 1298 4652 I.

505 4689 565 4750 Pro
589 4691 745 4773 scriptura
769 4692 1133 4760 instrumentorum...
1156 4696 1229 4760 den.
1254 4693 1322 4760 XX.

502 4791 581 4856 Item
606 4798 737 4878 quando
761 4801 862 4880 parati
887 4819 1013 4864 eramus
1040 4823 1099 4885 pro
1119 4803 1303 4881 concordia,
1328 4815 1446 4866 eotunc
1470 4802 1605 4864 notariis
1629 4817 1661 4865 et

400 4900 471 4961 aliis
494 4901 627 4964 testibus
652 4905 786 4986 expositi
810 4920 958 4972 sunt...
983 4909 1055 4970 den.
1083 4906 1172 4986 XVI;
1204 4923 1245 4974 et,
1259 4908 1321 4972 hoe
1345 4907 1488 4972 secundo
1511 4908 1563 4970 die
1587 4922 1662 4992 post

401 5005 527 5070 Vrsule.
