3804 5798
350 527 408 588 ¹54
892 506 1076 567 Inventam.

447 723 535 800 ltem,
559 722 709 784 undecim
734 720 795 782 alie
819 719 900 781 stole
925 738 1115 780 communes
1139 734 1169 781 et
1193 720 1348 782 tredecim
1374 721 1544 802 manipuli.

450 829 540 907 ltem,
565 827 712 910 cingulus
737 847 820 888 unus
844 827 883 888 de
912 827 1009 888 rubea
1034 839 1116 888 serta
1141 845 1214 887 curn
1241 827 1371 889 nodulis
1395 827 1553 911 argenteis
1577 841 1608 889 et

344 936 451 1018 perlis.

449 1043 539 1121 Item,
564 1043 629 1104 duo
654 1041 708 1104 alii
732 1039 852 1122 cinguli
878 1038 917 1100 de
941 1039 1053 1101 serico.

449 1149 538 1230 Item,
563 1149 617 1212 alii
642 1167 841 1212 communes.

448 1255 538 1336 ltem,
569 1269 642 1318 sunt
674 1255 801 1318 invente
838 1252 987 1314 undecim
1020 1265 1088 1314 tece
1120 1253 1357 1334 corporalium,
1383 1272 1519 1334 quarum
1545 1267 1608 1315 tres

342 1375 415 1423 sunt
438 1381 511 1424 cum
535 1362 643 1445 perlis,
679 1375 709 1423 et
733 1360 794 1422 alie
829 1373 893 1422 tres
917 1357 1095 1420 aurifrisata
1119 1358 1159 1428 ad
1184 1359 1370 1442 ymaginem
1396 1358 1548 1421 Crucifixi
1575 1375 1607 1422 et

342 1469 476 1530 aliarum
494 1469 680 1551 ymaginum
706 1485 778 1530 curn
803 1465 868 1526 suis
892 1465 1134 1547 corporalibus;
1159 1479 1189 1526 et
1212 1465 1275 1526 alie
1299 1485 1498 1528 communes.

449 1573 537 1654 ltem,
563 1576 627 1637 duo
651 1573 816 1655 angularia
842 1572 881 1633 de
907 1573 1026 1654 pepulo
1045 1571 1211 1652 flanniola,
1235 1573 1340 1635 aureis
1364 1573 1425 1636 filis
1449 1589 1607 1639 contexta.

448 1681 537 1761 ltem,
560 1697 633 1744 sunt
657 1681 766 1762 aliqua
790 1680 908 1762 pepula
933 1698 1012 1740 auro
1029 1691 1187 1757 contexta,
1205 1679 1381 1742 inveterata
1405 1694 1436 1742 et
1461 1682 1607 1762 antiqua.

448 1788 537 1867 Item,
560 1787 619 1850 tria
644 1787 761 1870 pepula
787 1785 932 1847 involuta
958 1785 997 1846 ad
1022 1805 1123 1846 unum
1148 1786 1312 1850 baculum.

448 1894 537 1973 Item,
560 1895 626 1958 duo
647 1894 709 1955 alia
734 1892 852 1975 pepula
877 1892 1061 1972 integriora,
1085 1911 1225 1974 quorum
1245 1912 1344 1954 unum
1370 1907 1416 1955 est
1440 1913 1518 1956 auro
1544 1894 1606 1955 vir-

342 1999 499 2079 gulatum.

448 2107 537 2185 ltem,
563 2104 682 2166 lerrum
707 2125 765 2187 pro
789 2105 945 2188 pistandis
969 2105 1068 2167 ostiis.

450 2215 538 2292 ltem,
563 2213 707 2294 quinque
732 2212 937 2294 campaneio
961 2211 1133 2294 campanili
1150 2212 1294 2290 ecclesie,
1320 2226 1350 2273 et
1368 2232 1430 2274 una
1456 2227 1502 2274 est
1518 2213 1605 2274 vide·

341 2321 414 2382 licet
438 2335 524 2382 sexta
549 2339 605 2402 per
630 2319 798 2379 dominum
818 2317 1040 2380 Eberhardum
1058 2318 1245 2400 episcopum
1261 2318 1301 2379 ad
1319 2333 1457 2380 castrum
1476 2318 1604 2380 Medwe

342 2427 519 2510 deportata.

447 2535 536 2612 Item,
560 2549 698 2614 quatuor
722 2534 784 2594 alie
808 2533 1023 2614 campanulle,
1059 2551 1198 2612 quorum
1225 2531 1288 2593 due
1312 2547 1385 2593 sunt
1410 2551 1550 2614 appense
1576 2547 1607 2594 et

342 2640 404 2702 due
429 2639 587 2701 habentur
611 2640 642 2700 in
667 2640 818 2703 sacristia.

448 2746 536 2824 ltem,
560 2747 618 2807 tria
643 2759 761 2828 tapetta
786 2765 914 2826 magna,
938 2746 1168 2827 competencia.

448 2852 537 2931 ltem,
562 2872 661 2914 unum
687 2865 830 2934 tapetum
856 2871 988 2930 novum,
1013 2871 1158 2934 parvum.

448 2959 536 3037 ltent,
561 2959 626 3020 duo
651 2959 784 3040 antiqua
810 2959 841 3018 in
866 2972 954 3040 parte
981 2973 1083 3040 rupta.

448 3066 537 3145 ltem,
567 3086 661 3148 supra
697 3066 850 3147 premissa
887 3066 1009 3127 inventi
1041 3079 1114 3126 sunt
1139 3079 1202 3127 tres
1238 3065 1354 3127 cussini
1392 3062 1605 3146 pontificales,

342 3193 480 3255 quorum
507 3173 573 3234 duo
596 3187 670 3234 sunt
694 3172 801 3253 magni
827 3187 857 3234 et
893 3172 1009 3234 tercius
1034 3192 1168 3254 parvus3
1201 3173 1291 3232 rubei
1317 3172 1394 3250 duo,
1419 3171 1535 3232 tercius
1559 3171 1605 3231 vi·

341 3279 419 3341 ridis
443 3280 570 3341 coloris.

364 3494 566 3574 Sequitur
598 3491 892 3552 inventarium
926 3491 972 3552 de
1006 3490 1133 3551 libris
1157 3489 1412 3551 officiorum
1436 3509 1508 3550 seu
1533 3489 1581 3549 ad

636 3596 834 3659 olficium
860 3596 1052 3657 divinum
1077 3597 1304 3678 deputatis.

446 3741 565 3818 Primo,
597 3740 679 3802 liber
702 3739 956 3821 Antiphonarius
988 3757 1109 3816 novus,
1137 3739 1249 3820 incipit
1274 3739 1305 3799 in
1330 3738 1435 3820 primo
1459 3737 1541 3799 lolio
1568 3738 1599 3799 in

340 3846 442 3908 thono
464 3847 599 3908 »Beatus
623 3847 703 3924 vir«,
728 3860 758 3907 et
776 3847 808 3906 in
825 3844 888 3906 fine
906 3845 1050 3906 eiusdem
1069 3843 1137 3906 lolii
1168 3845 1359 3924 »laudabo«,
1376 3859 1408 3906 et
1431 3845 1464 3906 in
1481 3845 1598 3906 ultimo

341 3951 420 4014 lolio
445 3953 517 4013 libri
542 3951 611 4014 finit
640 3953 720 4013 »deo
745 3953 877 4033 gracias.
903 3951 1073 4033 Alleluja.«

446 4059 534 4136 ltem,
559 4059 639 4120 liber
656 4059 910 4140 Antiphonarius
933 4059 1095 4140 antiquus,
1113 4059 1169 4141 qui
1195 4059 1306 4141 incipit
1331 4061 1362 4120 in
1388 4059 1493 4140 primo
1518 4056 1598 4120 lolio

343 4165 494 4227 ›Venite‹
523 4185 595 4226 curn
620 4179 706 4244 nota,
731 4179 762 4227 et
786 4165 817 4226 in
843 4164 905 4226 fine
937 4166 1039 4247 prime
1064 4167 1180 4248 pagine
1214 4167 1345 4228 secundi
1371 4165 1440 4229 lolii
1470 4166 1602 4228 »Gloria

340 4272 452 4353 patri«

445 4378 534 4456 Item,
552 4399 653 4440 unum
671 4378 759 4440 aliud
777 4378 1049 4460 Antiphonarium
1071 4380 1178 4461 magni
1203 4380 1390 4461 voluminis,
1415 4381 1526 4464 incipit
1554 4388 1601 4443 »A

339 4485 452 4546 diebus
486 4486 657 4566 antiquis«,
694 4505 766 4547 curn
785 4486 888 4546 littera
917 4490 993 4548 »A.‹
1021 4486 1061 4548 de
1086 4487 1207 4547 lazorio
1240 4507 1374 4569 magna,
1406 4503 1437 4550 et
1467 4487 1537 4552 finit
1569 4491 1601 4552 in

339 4591 402 4653 fine
427 4593 529 4673 prime
555 4594 671 4674 pagine
696 4592 828 4653 secundi
854 4590 922 4654 lolii
953 4612 1009 4654 »ex
1032 4607 1063 4654 te
1095 4607 1273 4671 nascetur«,
1298 4607 1329 4655 et
1352 4593 1453 4656 eciam
1479 4597 1510 4656 in
1535 4595 1598 4657 fine

338 4698 460 4758 babens
484 4718 638 4782 ympnum
668 4698 772 4760 »Urbs
796 4701 919 4760 beata«.

445 4804 532 4883 ltem,
557 4825 657 4865 unum
682 4805 770 4866 aliud
794 4805 1066 4885 Antiphonarium
1085 4806 1185 4867 eciam
1204 4806 1316 4888 incipit
1343 4811 1389 4867 »A
1407 4807 1521 4868 diebus
1544 4827 1600 4868 an·

338 4913 467 4992 tiquisr,
492 4927 522 4974 et
547 4913 578 4972 in
605 4911 666 4972 fine
693 4913 796 4994 prime
813 4914 929 4994 pagine
946 4913 1077 4973 secundi
1097 4913 1165 4975 lolii
1183 4911 1254 4976 finit
1283 4934 1407 4991 »ecce«,
1432 4927 1462 4976 et
1487 4915 1518 4976 in
1536 4913 1599 4975 fine

338 5018 411 5078 libri
437 5033 482 5079 est
508 5019 637 5100 impnus
661 5019 808 5080 similiter
837 5020 940 5081 »Urbs
965 5020 1085 5082 beatas
