3840 5800
835 582 985 646 Rationes.
1492 584 1556 668 287

294 692 416 700 ——-

399 797 476 858 Item
503 795 580 858 feria
613 797 708 858 tercio
742 809 816 858 ante
848 793 963 858 festum
997 796 1240 858 Translucionis
1272 818 1294 860 s.
1320 797 1497 876 Benedicti,
1523 799 1554 859 in

295 902 478 968 Gemlech:
505 903 634 965 Andree
657 903 792 965 tubicini
817 902 966 966 dedi...
990 903 1047 968 sol.
1070 901 1118 968 11⁰.

397 1009 562 1092 Stephano
587 1009 731 1071 Braduch
750 1059 755 1070 .
776 1055 808 1074 ..
834 1009 892 1073 sol.
917 1007 963 1072 110.

397 1131 589 1216 (Ratmnibus
611 1135 657 1194 his
688 1135 790 1194 addita
822 1143 865 1194 est
884 1135 934 1194 hec
956 1137 1076 1210 epistola
1084 1138 1108 1202 :i
1138 1135 1275 1217 Egregie
1298 1135 1347 1196 vir
1371 1133 1503 1197 domine
1527 1149 1558 1196 et

290 1242 393 1304 amice
417 1241 520 1303 Nobis
544 1239 744 1304 honorande.
770 1239 904 1301 Noverit
936 1241 974 1302 V.
1001 1240 1035 1305 E.
1059 1240 1148 1322 quod
1181 1261 1240 1303 nos
1264 1261 1302 1302 err
1326 1241 1555 1304 commissione

290 1346 414 1408 domini
447 1345 719 1408 Reverendissimi
752 1345 801 1406 his
833 1344 960 1406 duobus
991 1343 1203 1408 familiaribus
1234 1346 1370 1426 domini,
1404 1347 1556 1409 videlicet

291 1452 429 1514 Nicoluo
455 1453 518 1516 Bor
543 1466 574 1513 et
598 1452 769 1514 Francisco
802 1451 951 1512 dedimus
983 1471 1041 1534 pro
1074 1453 1219 1535 expensis
1251 1453 1387 1515 cuilibet
1413 1453 1555 1535 ipsorum

291 1557 360 1622 flor.
384 1559 476 1638 duos,
501 1579 537 1620 uc
563 1557 635 1620 misi
660 1557 752 1620 vobis
775 1557 842 1620 duo
873 1577 970 1640 parva
1001 1559 1129 1620 vascula
1161 1559 1268 1641 plene,
1302 1560 1400 1641 vulgo
1425 1559 1556 1620 nomine

292 1664 521 1748 Putanthepor.
554 1665 600 1726 Ex
633 1664 885 1726 Pechwnrodino
917 1662 996 1727 feria
1026 1665 1124 1728 tercio
1157 1666 1305 1748 proxima
1337 1677 1409 1749 post
1440 1663 1555 1728 festum

156 1780 161 1794 ·
292 1772 376 1834 beuti
402 1771 558 1835 Johaunis
582 1771 736 1833 Bnbtiste.
761 1775 856 1832 Anno
881 1769 1014 1833 Domini
1044 1771 1136 1852 1482.

821 1876 996 1960 Dyonisius
1020 1875 1136 1939 Chuba
1159 1877 1306 1960 provisor
1329 1879 1417 1941 curie

819 1980 1124 2062 Pechwaradiensis‚
1147 1983 1270 2045 amicus
1294 1982 1415 2047 Vester.

402 2087 604 2172 (inscriptio.)
640 2088 780 2170 Egregio
815 2088 949 2151 Alberto
982 2089 1153 2172 Theryek,
1192 2089 1352 2173 personali
1392 2091 1555 2173 presencie

295 2196 567 2258 Reverendissimi
585 2196 709 2256 domini
727 2195 838 2273 nostri,
862 2195 986 2257 domini
1004 2195 1151 2275 osualdi,
1169 2196 1312 2280 episcopi
1329 2196 1545 2279 zngrnbiensis

295 2302 429 2364 domino
454 2315 485 2364 et
508 2302 613 2366 amico
638 2302 781 2384 ipsorum
806 2300 1006 2368 honorando.
1570 2309 1572 2316 '
