3804 5798
776 545 962 608 inventaria.
1448 540 1507 620 169

245 761 349 844 ptime
374 761 491 843 pagine
515 758 646 821 secundi
673 757 742 820 lolii
767 757 837 820 finit
866 757 939 818 »sed
964 769 1095 840 propter
1112 755 1246 817 modum
1271 755 1508 838 producendi«,

246 882 278 930 et
302 869 334 930 in
358 867 421 929 fine
446 867 518 928 libri
543 865 613 927 finit
641 865 727 926 »eius
752 863 840 946 quod
865 879 912 926 est
935 883 1014 942 esse,
1039 863 1165 924 nullum
1190 877 1360 924 estesse«.

355 975 443 1052 item,
468 973 548 1034 liber
569 973 625 1054 qui
649 971 829 1054 appellatur
847 969 938 1052 Opus
955 983 1123 1031 cantorum
1141 968 1379 1045 Parisiensium,
1404 983 1435 1030 et
1461 969 1508 1029 in-

249 1081 327 1163 cipit
351 1080 382 1140 in
408 1079 491 1140 libro
519 1080 672 1140 vverbum
689 1077 887 1140 abreviatum
906 1075 980 1137 lecit
1005 1075 1188 1154 dominus«,
1213 1089 1244 1136 et
1262 1076 1293 1136 in
1320 1074 1381 1137 fine
1406 1076 1508 1156 prime

248 1187 365 1270 pagine
389 1186 523 1248 secundi
548 1184 617 1246 lolii
650 1184 720 1246 finit
754 1183 1004 1267 »patrimonium
1037 1182 1129 1244 ihesu
1155 1181 1307 1260 Christi«,
1333 1197 1363 1244 et
1389 1183 1420 1243 in
1447 1181 1508 1243 fine

248 1295 320 1356 libri
346 1291 417 1355 finit
444 1293 604 1375 »primum
629 1289 877 1374 perlectorum«.

354 1400 447 1478 item,
470 1418 596 1460 summa
621 1398 777 1460 Johannis
803 1397 878 1458 Rele
911 1397 950 1457 de
975 1395 1140 1457 reddenda
1174 1395 1300 1456 racione
1326 1395 1509 1456 divinorum
1540 1479 1544 1486 ¹

249 1506 444 1585 officiorum,
468 1521 499 1568 et
530 1506 642 1588 incipit
674 1505 705 1566 in
739 1505 830 1585 nigro
866 1504 920 1565 »ln
952 1503 1113 1585 primitiva
1145 1502 1311 1580 ecclesia«,
1337 1515 1368 1564 et
1392 1502 1424 1562 in
1448 1499 1511 1562 fine

248 1613 351 1694 prime
377 1612 495 1694 pagine
519 1611 624 1673 ultimi
649 1609 718 1672 folii
744 1609 813 1672 finit
841 1609 1026 1671 »Heremita
1054 1609 1164 1670 docuit
1188 1607 1351 1669 tandem«.

355 1737 444 1816 ltem,
469 1757 552 1798 unus
583 1735 713 1798 libellus
745 1737 784 1798 de
818 1733 1037 1796 declaracione
1071 1731 1250 1794 difficilium
1283 1733 1455 1794 verborum
1481 1745 1512 1792 et

249 1842 433 1904 diceionum
451 1843 483 1903 in
500 1842 674 1923 theologia,
689 1855 719 1903 et
737 1841 849 1923 incipit
866 1841 898 1901 in
911 1841 1004 1921 nigro
1025 1838 1367 1900 ›Reverendissimoin
1383 1837 1511 1900 Christo

249 1949 364 2030 patri«,
390 1962 420 2010 et
445 1949 477 2010 in
501 1947 564 2010 fine
588 1949 661 2010 libri
687 1948 784 2009 habet
816 1947 956 2030 capitula
981 1961 1011 2008 et
1035 1946 1147 2008 titulos
1181 1945 1327 2006 eiusdem
1353 1944 1512 2027 opusculi,

249 2069 281 2116 et
305 2053 377 2117 finit
404 2056 462 2116 »ad
487 2056 651 2117 accionem
676 2055 707 2116 in
733 2054 947 2136 passionem«.

317 2287 524 2367 Sequitur
548 2286 841 2348 inventarium
866 2285 1074 2346 librorum
1105 2283 1213 2364 juris
1237 2285 1445 2347 canonici.

357 2430 476 2508 Primo,
501 2449 583 2491 unus
607 2430 689 2491 liber
711 2429 934 2507 Decretorum,
952 2443 1121 2510 coopertus
1144 2447 1217 2489 cum
1235 2448 1330 2490 coreo
1354 2429 1393 2490 ad
1419 2431 1511 2491 rube-

251 2536 359 2596 dinem
384 2536 546 2614 tendente,
572 2551 602 2598 et
626 2537 739 2617 incipit
762 2535 801 2596 de
822 2535 948 2596 rubrica
976 2534 1109 2616 »incipit
1126 2536 1299 2596 concordia
1325 2535 1511 2596 discordan-

251 2642 336 2704 cium
361 2661 555 2720 canonum«,
580 2657 610 2704 et
634 2643 666 2703 in
691 2641 754 2704 fine
779 2642 881 2723 prime
906 2642 1022 2722 pagine
1054 2641 1185 2702 secundi
1212 2639 1281 2702 folii
1307 2641 1376 2702 finit
1404 2643 1511 2722 »quod

251 2749 372 2810 malum
397 2763 475 2826 est«,
501 2764 531 2810 et
556 2750 588 2810 in
613 2748 674 2811 fine
699 2749 772 2810 libri
797 2747 866 2809 finit
894 2747 1000 2829 »quod
1018 2747 1133 2808 viderit
1157 2763 1280 2829 patrem
1306 2747 1510 2812 iacientemr.

355 2873 445 2952 item,
470 2893 569 2935 unum
593 2875 693 2934 alium
718 2873 786 2954 (sic)
816 2873 987 2934 Decretum
1020 2873 1059 2932 ad
1096 2872 1229 2932 modurn
1255 2873 1435 2953 antiquum,
1460 2873 1512 2933 ha-

251 2980 330 3040 bens
355 2979 387 3040 in
413 2980 573 3062 principio
598 2983 728 3042 arbores
760 2979 1068 3060 consanguineitatis
1092 2991 1122 3038 et
1146 2976 1321 3055 affinitatis,
1346 2993 1377 3040 et
1402 2979 1513 3059 incipit

257 3086 465 3148 »Humanum
489 3107 624 3168 genus«,
649 3103 680 3150 et
704 3089 734 3148 in
752 3085 815 3148 fine
832 3087 934 3169 prime
952 3085 1068 3168 pagine
1085 3085 1217 3146 secundi
1242 3083 1311 3146 folii
1337 3083 1406 3145 finit
1426 3085 1513 3144 »sine

253 3191 345 3275 culpa
378 3193 618 3272 comedimus«,
654 3209 684 3254 et
716 3193 747 3254 in
783 3191 846 3255 fine
882 3193 958 3254 libri
998 3190 1066 3252 finit
1105 3191 1212 3271 »quod
1250 3191 1367 3253 viderit
1390 3205 1512 3272 patrem

253 3297 457 3362 facientem«.

358 3407 448 3486 item,
472 3427 555 3469 unus
578 3409 660 3469 liber
685 3407 900 3469 Decretalium
926 3409 965 3468 ad
999 3408 1134 3470 modum
1166 3407 1388 3486 novissimum,
1413 3422 1443 3468 et
1467 3408 1513 3468 irt-

256 3512 332 3592 cipit
360 3511 556 3594 »Gregorius
580 3515 782 3596 episcopus«,
807 3528 838 3576 et
862 3515 894 3574 in
927 3513 990 3576 fine
1014 3515 1116 3596 ptime
1150 3513 1266 3594 pagine
1291 3512 1361 3575 finit
1388 3533 1513 3595 ›perso-

257 3617 344 3679 nales
369 3619 597 3700 proprietates<
626 3620 657 3680 in
682 3633 782 3700 textu,
806 3634 837 3681 et
861 3620 892 3680 in
917 3618 981 3680 fine
1005 3620 1078 3681 libri
1107 3617 1177 3680 finit
1200 3619 1346 3680 similiter
1371 3620 1402 3680 in
1427 3634 1514 3680 textu

261 3723 465 3806 ›homagium
491 3726 736 3808 compellatur«.

361 3849 450 3928 item,
476 3870 576 3911 unum
601 3851 688 3912 aliud
715 3851 885 3912 Decretum
905 3851 1052 3912 similiter
1069 3851 1108 3912 ad
1127 3851 1260 3912 modurn
1286 3851 1466 3931 antiquum,
1484 3865 1515 3910 et

258 3955 353 4017 habet
378 3957 410 4016 in
435 3957 594 4039 principio
630 3977 756 4039 semper
787 3958 893 4038 glosas
918 3958 957 4018 de
991 3959 1104 4020 litteris
1138 3958 1367 4040 capitularibus
1394 3958 1513 4040 »prima

258 4081 348 4143 pars<
374 4063 538 4145 scripturn,
564 4079 594 4125 et
626 4064 656 4124 in
691 4063 753 4125 fine
785 4065 886 4146 ptime
921 4065 1036 4146 pagine
1069 4064 1202 4125 secundi
1235 4063 1304 4125 folii
1336 4063 1406 4126 finit
1433 4084 1514 4145 »que

259 4183 418 4231 menstrua
444 4183 643 4231 menstruum
666 4171 815 4252 patitur«,
845 4185 876 4231 et
906 4170 1053 4232 similiter
1084 4169 1153 4230 finit
1189 4169 1295 4251 »quod
1321 4171 1436 4232 viderit
1460 4190 1527 4252 pa-·

256 4290 334 4336 trem
360 4274 563 4339 facientem«.

360 4382 450 4462 Item,
474 4403 536 4445 una
561 4384 624 4445 alia
642 4383 818 4445 Decretalis
834 4384 982 4445 similiter
1004 4384 1042 4444 ad
1061 4383 1194 4445 modum
1212 4383 1434 4461 novissimum,
1453 4403 1515 4464 que

256 4503 301 4550 est
326 4503 475 4573 corrupta
500 4489 691 4553 humiditate
709 4492 740 4552 in
758 4491 941 4552 summitate
958 4491 1043 4568 libri,
1068 4504 1099 4552 et
1120 4490 1232 4571 incipit
1248 4491 1397 4550 similiter
1417 4489 1514 4551 »Gre-

256 4596 365 4676 gorius
390 4596 591 4679 episcopus«,
629 4612 659 4659 et
683 4599 714 4659 in
746 4597 810 4660 fine
845 4597 947 4680 prime
979 4598 1096 4679 pagine
1128 4597 1259 4658 secundi
1294 4595 1363 4657 folii
1389 4595 1458 4657 finit
1483 4597 1515 4656 in

256 4715 344 4764 textu
373 4702 524 4784 »quidem
551 4718 582 4764 et
613 4705 840 4783 inneffabilis«,
873 4719 903 4767 et
934 4705 967 4766 in
995 4703 1058 4766 fine
1095 4701 1167 4766 libri
1191 4703 1262 4764 finit
1286 4703 1318 4764 in
1340 4703 1430 4783 glosa
1458 4703 1515 4763 ›de

254 4809 354 4888 pactis
383 4809 583 4890 paccionesr.

361 4931 450 5012 ltem,
477 4953 539 4994 una
565 4935 627 4995 alia
652 4935 827 4997 Decretalis
851 4935 891 4997 ad
916 4935 1050 4996 modum
1084 4936 1264 5016 antiquum,
1290 4947 1320 4995 et
1346 4935 1457 5016 incipit
1483 4935 1514 4994 in

256 5053 341 5100 textu
371 5038 566 5122 »Gregorius
590 5042 791 5123 episcopus«,
816 5056 846 5104 et
871 5043 903 5102 in
928 5041 990 5104 fine
1015 5043 1117 5124 prime
1148 5041 1263 5124 pagine
1289 5041 1421 5104 secundi
1446 5039 1516 5115 lolii
