3810 5806
246 789 313 851 filio
337 790 428 850 Pauli
454 789 645 851 Horvvathin
672 789 711 850 de
737 789 960 851 Hraztowicza
985 801 1016 849 et
1032 789 1096 848 suis
1121 787 1294 850 heredibus
1319 803 1349 848 et
1374 788 1510 870 posteri·

246 898 375 976 tatibus,
400 898 442 958 ita
465 908 584 975 tamen,
609 896 698 978 quod
722 893 863 978 prefatus
880 895 1034 956 Nicolaus
1058 914 1168 977 sporar
1186 909 1216 956 et
1240 895 1288 955 sui
1314 913 1512 956 successores

247 1003 342 1065 aliam
367 1002 519 1064 directam
555 1015 585 1064 et
609 1001 758 1084 equalem
791 1015 912 1084 partem
944 1001 1095 1063 videlicet
1128 1001 1333 1063 medietatem
1366 1001 1511 1062 eiusdem

247 1110 338 1172 fundi
363 1110 496 1172 edificiis
517 1110 702 1172 destitutam
727 1123 757 1171 et
774 1109 943 1188 desertam,
969 1128 986 1169 a
1011 1121 1099 1190 parte
1119 1108 1273 1186 interiori,
1299 1127 1396 1168 unam
1422 1107 1511 1168 vide-

248 1219 320 1279 licet
344 1231 491 1299 quartam
517 1223 548 1278 in
565 1237 599 1280 se
623 1217 856 1293 continentem,
874 1235 947 1277 cum
964 1216 1087 1277 cunctis
1103 1216 1169 1276 suis
1195 1214 1396 1292 utilitatibus,
1415 1233 1511 1295 quam

247 1325 400 1408 providus
419 1326 585 1386 Emericus
603 1323 812 1386 Losekowicz
830 1323 897 1382 iure
915 1323 975 1383 sibi
995 1323 1199 1384 incombente
1218 1321 1395 1382 dinoscitur
1412 1319 1513 1401 possi·

247 1433 332 1511 dere,
356 1433 478 1493 salvam
504 1450 632 1514 semper
656 1444 686 1491 et
704 1431 855 1492 intactam
880 1429 986 1490 eidem
1006 1429 1154 1490 Emerico
1172 1441 1297 1489 tenetur
1320 1427 1513 1508 relinquere,

248 1541 307 1602 hoc
330 1552 438 1601 tamen
464 1559 623 1620 expresso,
648 1538 736 1619 quod
769 1551 860 1619 porta
895 1537 1036 1598 anterior
1068 1549 1099 1596 et
1131 1555 1202 1617 pars
1234 1534 1325 1596 fundi
1356 1535 1514 1616 posterior

248 1668 347 1709 vacua
372 1667 408 1708 ac
432 1647 494 1707 alia
519 1665 577 1728 pro
594 1645 728 1706 stabulis
745 1645 935 1705 animalium
953 1664 989 1704 ac
1007 1663 1064 1724 pro
1082 1643 1190 1704 cloaca
1215 1662 1270 1704 seu
1296 1642 1417 1724 privata
1438 1661 1513 1702 con-

251 1754 382 1816 veniens
399 1767 429 1814 et
445 1753 485 1813 ad
503 1753 564 1814 hoc
589 1752 740 1834 deputata
765 1771 836 1812 cum
856 1750 988 1811 introitu
1005 1761 1036 1810 et
1052 1750 1138 1810 exitu
1155 1749 1220 1810 suis
1244 1749 1400 1810 ambabus
1421 1748 1514 1810 dictis

250 1859 391 1941 partibus
417 1872 447 1920 et
471 1859 614 1940 ipsorum
639 1858 812 1919 heredibus
836 1856 995 1917 deservire
1020 1857 1226 1918 tenebuntur.

353 1969 449 2025 Anno
475 1965 607 2025 Domini
632 1963 828 2045 supradicto,
857 1977 1003 2045 tempore
1035 1960 1194 2042 judicatus
1219 1960 1331 2043 prelati
1357 1960 1513 2021 iohannis

251 2070 411 2148 Soldinar,
435 2069 568 2152 provida
596 2069 772 2148 Elizabeth,
794 2069 873 2130 alias
897 2069 1007 2130 relicta
1025 2067 1163 2129 condam
1190 2067 1318 2128 Thome
1345 2065 1400 2127 filii
1424 2065 1514 2126 Pauli

250 2175 487 2254 Herichowich,
501 2177 690 2237 auctoritate
708 2175 945 2237 testamentaria
960 2194 1016 2256 per
1029 2173 1187 2255 prefatum
1202 2174 1339 2235 condam
1351 2173 1514 2233 Thomam

250 2283 352 2344 virum
368 2303 461 2344 suum
476 2281 602 2361 factam,
616 2284 670 2364 qui
688 2282 793 2343 eidem
810 2281 929 2363 legavit
943 2282 1037 2343 civile
1058 2295 1089 2342 et
1106 2279 1242 2342 fundum
1267 2298 1361 2340 suum
1380 2279 1411 2339 in
1431 2277 1515 2339 dicta

252 2391 378 2452 civitate
395 2389 552 2468 habitum,
570 2409 670 2472 prope
684 2403 808 2471 portam
826 2387 1012 2450 carnificum
1025 2408 1123 2470 penes
1141 2387 1233 2448 civile
1253 2385 1377 2447 domini
1395 2385 1514 2448 Mathis

251 2497 379 2578 plebani
405 2497 444 2558 de
471 2498 647 2558 Kranesina
673 2497 780 2579 polya,
805 2517 822 2558 a
847 2511 935 2578 parte
961 2495 1178 2573 meridionali,
1204 2507 1325 2576 aparte
1350 2513 1427 2554 vero
1444 2513 1514 2576 sep-

251 2602 445 2664 temtrionali
470 2623 569 2684 penes
600 2601 736 2664 fundum
769 2621 988 2663 successorum
1022 2601 1160 2662 condam
1195 2599 1351 2660 Anthonii
1385 2599 1515 2661 sartoris

252 2709 397 2770 vendidit
429 2729 487 2791 pro
520 2710 647 2770 duobus
679 2723 709 2770 et
742 2709 849 2770 medio
882 2708 952 2770 flor.
984 2708 1053 2768 auri
1085 2707 1222 2789 provido
1255 2705 1405 2784 iohanni,
1430 2705 1514 2766 lwan

253 2817 349 2894 diem,
374 2815 441 2878 filio
466 2817 592 2878 Nicolai
617 2816 655 2878 de
681 2817 756 2877 villa
781 2815 1007 2898 Thopolovvcz
1033 2830 1062 2875 et
1086 2834 1142 2896 per
1167 2833 1241 2874 eum
1266 2812 1330 2873 suis
1354 2831 1514 2873 successo·

253 2925 340 2986 ribus
363 2938 394 2985 et
417 2923 589 2985 heredibus
614 2923 780 3001 universis,
805 2937 840 2984 ut
863 2923 926 3004 jam
952 2942 1038 2983 novo
1064 2921 1187 2983 concivi
1215 2934 1333 2981 nostr0.

357 3037 453 3093 Anno
471 3031 602 3092 Domini
621 3031 796 3092 millesimo
813 3029 1134 3111 quadringentesimo
1152 3028 1371 3108 octuagesimo
1389 3039 1515 3107 quarm,

252 3153 395 3220 tempore
429 3137 588 3219 judicatus
620 3137 734 3220 prefati
768 3137 923 3198 lobannis
956 3136 1124 3214 Soldinar,
1158 3134 1281 3194 Blasius
1313 3131 1459 3194 Lazarini
1485 3145 1516 3192 et

254 3245 365 3307 Simon
390 3261 492 3306 sartor
524 3260 708 3307 executores
739 3245 919 3306 testamenti
960 3243 1097 3304 condam
1133 3241 1257 3302 Nicolai
1293 3240 1422 3300 sartoris
1457 3237 1514 3300 filii

253 3351 412 3430 Damiani,
437 3353 572 3413 senioris
597 3351 689 3432 iurati
708 3366 739 3412 et
756 3351 897 3412 concivis
915 3349 1025 3428 nostri,
1050 3349 1207 3409 dederunt
1224 3346 1398 3429 quemdam
1416 3345 1515 3427 (h)or·

251 3473 318 3519 tum
342 3459 486 3520 eiusdem
511 3459 670 3520 testatoris
695 3458 726 3518 in
751 3457 907 3519 suburbio
932 3457 1067 3518 civitatis
1091 3457 1203 3516 subtus
1227 3473 1355 3515 murum
1380 3452 1516 3513 civitatis

252 3566 414 3626 communi
441 3566 492 3627 via
525 3566 700 3644 mediante,
732 3584 749 3625 a
782 3579 869 3646 parte
903 3563 1053 3624 videlicet
1084 3561 1350 3644 septemtrionali,
1378 3575 1409 3620 et
1433 3556 1513 3619 inira

252 3691 353 3752 usque
378 3692 527 3754 magnam
553 3673 637 3733 viam
663 3692 679 3732 a
706 3685 793 3753 parte
828 3670 1045 3748 meridionali,
1071 3689 1088 3730 a
1122 3681 1209 3750 parte
1235 3681 1341 3728 autem
1366 3665 1514 3727 orientali

252 3798 349 3859 penes
373 3779 528 3858 (h)ortum
555 3777 693 3840 Emerici
719 3777 798 3838 fabri
825 3776 880 3837 lilii
900 3775 1032 3856 Georgii
1055 3775 1094 3834 de
1120 3774 1265 3854 Zagoria,
1290 3793 1307 3834 a
1332 3785 1421 3854 parte
1438 3790 1514 3832 vero

252 3885 442 3946 occidentali
460 3905 558 3966 penes
582 3883 738 3966 (h)ortum
765 3884 847 3944 Petri
865 3883 980 3943 Ztansa
1006 3881 1092 3958 dicti,
1111 3880 1292 3942 concivium
1319 3893 1513 3939 nostrorum.

253 4026 292 4034 —
319 3989 395 4052 Item
422 3991 576 4072 quasdam
602 4007 665 4052 tres
682 3991 783 4052 dietas
800 4003 881 4050 terre
898 3989 1027 4050 arabilis
1055 3989 1086 4049 in
1104 3987 1265 4049 territorio
1290 4001 1399 4047 nostro
1416 4003 1515 4066 penes

253 4111 367 4159 terram
393 4119 600 4160 communem
626 4097 808 4180 pascualem
834 4097 969 4157 Tratina
1004 4096 1121 4156 dictam
1155 4114 1172 4154 a
1200 4107 1289 4174 parte
1313 4091 1514 4168 occidentali,

251 4219 380 4285 aparte
405 4224 482 4266 vero
506 4204 760 4286 septemtrionali
794 4223 891 4285 penes
922 4215 1038 4264 terram
1072 4200 1225 4261 arabilem
1258 4198 1420 4259 Valentini
1446 4217 1512 4258 car·

252 4309 363 4389 nificis,
387 4331 404 4372 a
430 4325 517 4392 parte
543 4327 649 4373 autem
668 4311 817 4372 orientali
835 4329 932 4391 penes
950 4309 1046 4369 fenile
1066 4305 1228 4384 Ribarich,
1247 4325 1372 4366 necnon
1390 4325 1406 4365 a
1425 4318 1512 4386 parte

251 4417 441 4479 occidentali
476 4437 574 4498 penes
606 4415 703 4479 fenile
737 4415 869 4497 Georgii
903 4416 1074 4497 Perovvycz
1111 4414 1290 4490 existentes,
1323 4411 1378 4473 tali
1404 4411 1514 4488 modo,

252 4523 339 4603 quod
364 4523 431 4605 ipse
447 4525 611 4585 Emericus
635 4523 724 4586 faber
748 4525 779 4585 in
805 4543 955 4604 processu
973 4536 1155 4603 temporum
1180 4539 1306 4600 semper
1331 4518 1382 4578 die
1408 4517 1513 4577 domi·

251 4630 324 4690 nico
348 4631 496 4711 proximo
521 4645 592 4711 post
617 4629 733 4692 festum
758 4630 966 4691 Ascensionis
983 4629 1114 4690 Domini
1140 4628 1179 4689 ad
1205 4625 1435 4688 monasterium
1454 4622 1514 4684 frn-

251 4749 336 4796 trum
362 4737 600 4798 Heremitarum
634 4738 665 4798 in
700 4737 924 4820 promontorio
957 4735 1156 4818 zagrabiensi
1188 4733 1369 4810 fundarum,
1397 4745 1460 4794 tres
1485 4744 1515 4792 et

252 4843 391 4905 mediam
417 4842 523 4905 luntas
549 4844 684 4906 detera
713 4865 785 4906 cum
818 4865 968 4906 mensura
1000 4845 1154 4905 cambuce
1186 4855 1367 4924 paratarum
1400 4837 1514 4900 cande·

252 4950 354 5011 larum
370 4949 500 5012 debebit
517 4950 710 5033 persolvere,
728 4952 866 5012 eundem
884 4951 970 5012 diem
989 4970 1052 5011 non
1071 4947 1346 5030 pretermittendo,
1364 4946 1389 5006 si
1407 4959 1514 5007 autem

252 5058 481 5140 pretermiserit
506 5071 620 5120 extunc
645 5079 661 5119 a
683 5060 884 5139 possessione
903 5059 1046 5119 eiusdem
1073 5057 1182 5139 (h)orti
1208 5069 1238 5117 et
1263 5071 1343 5116 terre
1369 5054 1460 5180 capdat
1485 5067 1515 5114 et
1602 5119 1606 5130 ,
