<?xml version="1.0" encoding="UTF-8"?>
<!DOCTYPE html PUBLIC "-//W3C//DTD XHTML 1.0 Transitional//EN"
    "http://www.w3.org/TR/xhtml1/DTD/xhtml1-transitional.dtd">
<html xmlns="http://www.w3.org/1999/xhtml" xml:lang="en" lang="en">
 <head>
  <title>
</title>
<meta http-equiv="Content-Type" content="text/html;charset=utf-8" />
  <meta name='ocr-system' content='tesseract 3.04.00' />
  <meta name='ocr-capabilities' content='ocr_page ocr_carea ocr_par ocr_line ocrx_word'/>
</head>
<body>
  <div class='ocr_page' id='page_1' title='image "./monumentahistor19laszgoog_0140.png"; bbox 0 0 3810 5806; ppageno 0'>
   <div class='ocr_carea' id='block_1_1' title="bbox 822 1563 1334 1670">
    <p class='ocr_par' dir='ltr' id='par_1_1' title="bbox 822 1563 1334 1670">
     <span class='ocr_line' id='line_1_1' title="bbox 822 1563 1334 1670; baseline 0.002 -14"><span class='ocrx_word' id='word_1_1' title='bbox 822 1568 950 1666; x_wconf 84' lang='lat' dir='ltr'>(Auno</span> <span class='ocrx_word' id='word_1_2' title='bbox 978 1566 1135 1656; x_wconf 82' lang='lat' dir='ltr'><strong>Domini</strong></span> <span class='ocrx_word' id='word_1_3' title='bbox 1161 1563 1334 1670; x_wconf 80' lang='lat' dir='ltr'>Mulll.)</span> 
     </span>
    </p>
   </div>
   <div class='ocr_carea' id='block_1_2' title="bbox 453 1907 1720 2498">
    <p class='ocr_par' dir='ltr' id='par_1_2' title="bbox 454 1907 1720 2007">
     <span class='ocr_line' id='line_1_2' title="bbox 454 1907 1720 2007; baseline -0.003 -23"><span class='ocrx_word' id='word_1_4' title='bbox 454 1909 542 1985; x_wconf 83' lang='lat' dir='ltr'>Item</span> <span class='ocrx_word' id='word_1_5' title='bbox 583 1909 618 1984; x_wconf 91' lang='lat' dir='ltr'>in</span> <span class='ocrx_word' id='word_1_6' title='bbox 661 1931 755 1984; x_wconf 91' lang='lat' dir='ltr'>anno</span> <span class='ocrx_word' id='word_1_7' title='bbox 799 1907 941 1984; x_wconf 84' lang='lat' dir='ltr'>Domini</span> <span class='ocrx_word' id='word_1_8' title='bbox 985 1909 1172 1983; x_wconf 90' lang='lat' dir='ltr'>millesimo</span> <span class='ocrx_word' id='word_1_9' title='bbox 1218 1907 1509 2007; x_wconf 85' lang='lat' dir='ltr'>quingentesimo</span> <span class='ocrx_word' id='word_1_10' title='bbox 1553 1907 1720 2006; x_wconf 86' lang='lat' dir='ltr'>septimo,</span> 
     </span>
    </p>

    <p class='ocr_par' dir='ltr' id='par_1_3' title="bbox 454 2032 1717 2133">
     <span class='ocr_line' id='line_1_3' title="bbox 454 2032 1717 2133; baseline -0.002 -25"><span class='ocrx_word' id='word_1_11' title='bbox 454 2043 619 2133; x_wconf 91' lang='lat' dir='ltr'>tempore</span> <span class='ocrx_word' id='word_1_12' title='bbox 646 2033 815 2108; x_wconf 88' lang='lat' dir='ltr'>videlicet</span> <span class='ocrx_word' id='word_1_13' title='bbox 843 2034 945 2132; x_wconf 89' lang='lat' dir='ltr'>primi</span> <span class='ocrx_word' id='word_1_14' title='bbox 968 2032 1149 2129; x_wconf 90' lang='lat' dir='ltr'>judicatus</span> <span class='ocrx_word' id='word_1_15' title='bbox 1185 2033 1436 2132; x_wconf 86' lang='lat' dir='ltr'>circumspecti</span> <span class='ocrx_word' id='word_1_16' title='bbox 1465 2043 1503 2107; x_wconf 91' lang='lat' dir='ltr'>et</span> <span class='ocrx_word' id='word_1_17' title='bbox 1533 2032 1717 2131; x_wconf 88' lang='lat' dir='ltr'>prudentis</span> 
     </span>
    </p>

    <p class='ocr_par' dir='ltr' id='par_1_4' title="bbox 453 2154 1718 2256">
     <span class='ocr_line' id='line_1_4' title="bbox 453 2154 1718 2256; baseline -0.002 -24"><span class='ocrx_word' id='word_1_18' title='bbox 453 2157 517 2232; x_wconf 86' lang='lat' dir='ltr'>viri</span> <span class='ocrx_word' id='word_1_19' title='bbox 547 2154 718 2256; x_wconf 85' lang='lat' dir='ltr'>Gregorii</span> <span class='ocrx_word' id='word_1_20' title='bbox 756 2155 816 2231; x_wconf 84' lang='lat' dir='ltr'>filii</span> <span class='ocrx_word' id='word_1_21' title='bbox 854 2155 1020 2248; x_wconf 84' lang='lat' dir='ltr'>Andree,</span> <span class='ocrx_word' id='word_1_22' title='bbox 1057 2156 1218 2232; x_wconf 93' lang='lat' dir='ltr'>moderni</span> <span class='ocrx_word' id='word_1_23' title='bbox 1252 2155 1381 2254; x_wconf 91' lang='lat' dir='ltr'>judicis</span> <span class='ocrx_word' id='word_1_24' title='bbox 1410 2157 1536 2246; x_wconf 80' lang='lat' dir='ltr'>nostri,</span> <span class='ocrx_word' id='word_1_25' title='bbox 1567 2179 1718 2254; x_wconf 87' lang='lat' dir='ltr'>presens</span> 
     </span>
    </p>

    <p class='ocr_par' dir='ltr' id='par_1_5' title="bbox 455 2279 1717 2498">
     <span class='ocr_line' id='line_1_5' title="bbox 455 2279 1717 2380; baseline -0.003 -24"><span class='ocrx_word' id='word_1_26' title='bbox 455 2289 664 2380; x_wconf 88' lang='lat' dir='ltr'>quaternum</span> <span class='ocrx_word' id='word_1_27' title='bbox 694 2289 732 2356; x_wconf 88' lang='lat' dir='ltr'>et</span> <span class='ocrx_word' id='word_1_28' title='bbox 760 2281 1006 2379; x_wconf 89' lang='lat' dir='ltr'>conscriptum</span> <span class='ocrx_word' id='word_1_29' title='bbox 1035 2281 1143 2355; x_wconf 92' lang='lat' dir='ltr'>modo</span> <span class='ocrx_word' id='word_1_30' title='bbox 1174 2289 1212 2356; x_wconf 88' lang='lat' dir='ltr'>et</span> <span class='ocrx_word' id='word_1_31' title='bbox 1244 2280 1370 2355; x_wconf 90' lang='lat' dir='ltr'>ordine</span> <span class='ocrx_word' id='word_1_32' title='bbox 1400 2288 1507 2377; x_wconf 91' lang='lat' dir='ltr'>prout</span> <span class='ocrx_word' id='word_1_33' title='bbox 1534 2290 1640 2380; x_wconf 89' lang='lat' dir='ltr'>patet</span> <span class='ocrx_word' id='word_1_34' title='bbox 1668 2279 1717 2353; x_wconf 94' lang='lat' dir='ltr'>in-</span> 
     </span>
     <span class='ocr_line' id='line_1_6' title="bbox 679 2401 1490 2498; baseline -0.001 -20"><span class='ocrx_word' id='word_1_35' title='bbox 679 2403 806 2498; x_wconf 85' lang='lat' dir='ltr'>ferius;</span> <span class='ocrx_word' id='word_1_36' title='bbox 836 2405 990 2480; x_wconf 85' lang='lat' dir='ltr'>sabbato</span> <span class='ocrx_word' id='word_1_37' title='bbox 1020 2411 1106 2480; x_wconf 90' lang='lat' dir='ltr'>ante</span> <span class='ocrx_word' id='word_1_38' title='bbox 1134 2404 1347 2479; x_wconf 86' lang='lat' dir='ltr'>dominicam</span> <span class='ocrx_word' id='word_1_39' title='bbox 1378 2401 1490 2478; x_wconf 88' lang='lat' dir='ltr'>Oculi.</span> 
     </span>
    </p>
   </div>
   <div class='ocr_carea' id='block_1_3' title="bbox 983 2634 1184 2712">
    <p class='ocr_par' dir='ltr' id='par_1_6' title="bbox 983 2634 1184 2712">
     <span class='ocr_line' id='line_1_7' title="bbox 983 2634 1184 2712; baseline 0.025 -21"><span class='ocrx_word' id='word_1_40' title='bbox 983 2635 1027 2712; x_wconf 88' lang='lat'>(6.</span> <span class='ocrx_word' id='word_1_41' title='bbox 1058 2634 1184 2708; x_wconf 77' lang='lat' dir='ltr'>martir).</span> 
     </span>
    </p>
   </div>
   <div class='ocr_carea' id='block_1_4' title="bbox 456 2788 1721 4364">
    <p class='ocr_par' dir='ltr' id='par_1_7' title="bbox 456 2788 1721 4364">
     <span class='ocr_line' id='line_1_8' title="bbox 562 2788 1717 2873; baseline -0.003 -21"><span class='ocrx_word' id='word_1_42' title='bbox 562 2791 661 2866; x_wconf 92' lang='lat' dir='ltr'>Quod</span> <span class='ocrx_word' id='word_1_43' title='bbox 686 2792 761 2873; x_wconf 88' lang='lat' dir='ltr'>quia</span> <span class='ocrx_word' id='word_1_44' title='bbox 778 2791 994 2852; x_wconf 89' lang='lat' dir='ltr'>communitas</span> <span class='ocrx_word' id='word_1_45' title='bbox 1014 2791 1118 2870; x_wconf 85' lang='lat' dir='ltr'>certis,</span> <span class='ocrx_word' id='word_1_46' title='bbox 1135 2791 1351 2853; x_wconf 76' lang='lat' dir='ltr'>rationalibus</span> <span class='ocrx_word' id='word_1_47' title='bbox 1368 2811 1405 2852; x_wconf 87' lang='lat' dir='ltr'>cx</span> <span class='ocrx_word' id='word_1_48' title='bbox 1422 2790 1536 2868; x_wconf 88' lang='lat' dir='ltr'>causis,</span> <span class='ocrx_word' id='word_1_49' title='bbox 1562 2788 1717 2871; x_wconf 88' lang='lat' dir='ltr'>quasdam</span> 
     </span>
     <span class='ocr_line' id='line_1_9' title="bbox 456 2897 1718 2980; baseline -0.004 -20"><span class='ocrx_word' id='word_1_50' title='bbox 456 2911 557 2960; x_wconf 87' lang='lat' dir='ltr'>terras</span> <span class='ocrx_word' id='word_1_51' title='bbox 580 2897 717 2959; x_wconf 89' lang='lat' dir='ltr'>arabiles</span> <span class='ocrx_word' id='word_1_52' title='bbox 748 2917 811 2958; x_wconf 93' lang='lat' dir='ltr'>una</span> <span class='ocrx_word' id='word_1_53' title='bbox 843 2916 915 2959; x_wconf 90' lang='lat' dir='ltr'>cum</span> <span class='ocrx_word' id='word_1_54' title='bbox 942 2911 1032 2978; x_wconf 89' lang='lat' dir='ltr'>prato</span> <span class='ocrx_word' id='word_1_55' title='bbox 1066 2899 1097 2958; x_wconf 91' lang='lat' dir='ltr'>in</span> <span class='ocrx_word' id='word_1_56' title='bbox 1134 2917 1248 2980; x_wconf 89' lang='lat' dir='ltr'>campo</span> <span class='ocrx_word' id='word_1_57' title='bbox 1280 2910 1311 2958; x_wconf 91' lang='lat' dir='ltr'>et</span> <span class='ocrx_word' id='word_1_58' title='bbox 1342 2897 1502 2958; x_wconf 90' lang='lat' dir='ltr'>territorio</span> <span class='ocrx_word' id='word_1_59' title='bbox 1527 2908 1637 2957; x_wconf 88' lang='lat' dir='ltr'>nostro</span> <span class='ocrx_word' id='word_1_60' title='bbox 1663 2913 1718 2955; x_wconf 90' lang='lat' dir='ltr'>seu</span> 
     </span>
     <span class='ocr_line' id='line_1_10' title="bbox 457 3001 1717 3086; baseline -0.004 -20"><span class='ocrx_word' id='word_1_61' title='bbox 457 3005 556 3086; x_wconf 88' lang='lat' dir='ltr'>ipsius</span> <span class='ocrx_word' id='word_1_62' title='bbox 579 3004 716 3065; x_wconf 87' lang='lat' dir='ltr'>civitatis</span> <span class='ocrx_word' id='word_1_63' title='bbox 740 3003 823 3064; x_wconf 90' lang='lat' dir='ltr'>inter</span> <span class='ocrx_word' id='word_1_64' title='bbox 847 3003 1010 3084; x_wconf 88' lang='lat' dir='ltr'>quendam</span> <span class='ocrx_word' id='word_1_65' title='bbox 1034 3001 1169 3064; x_wconf 86' lang='lat' dir='ltr'>fluvium</span> <span class='ocrx_word' id='word_1_66' title='bbox 1205 3002 1380 3085; x_wconf 84' lang='lat' dir='ltr'>pluvialem</span> <span class='ocrx_word' id='word_1_67' title='bbox 1406 3004 1446 3064; x_wconf 88' lang='lat' dir='ltr'>ab</span> <span class='ocrx_word' id='word_1_68' title='bbox 1472 3001 1621 3064; x_wconf 81' lang='lat' dir='ltr'>orientali</span> <span class='ocrx_word' id='word_1_69' title='bbox 1645 3014 1717 3062; x_wconf 89' lang='lat' dir='ltr'>eta</span> 
     </span>
     <span class='ocr_line' id='line_1_11' title="bbox 456 3107 1717 3193; baseline -0.004 -21"><span class='ocrx_word' id='word_1_70' title='bbox 456 3111 662 3172; x_wconf 82' lang='lat' dir='ltr'>meridionali</span> <span class='ocrx_word' id='word_1_71' title='bbox 687 3111 790 3193; x_wconf 83' lang='lat' dir='ltr'>plagis</span> <span class='ocrx_word' id='word_1_72' title='bbox 814 3125 896 3172; x_wconf 90' lang='lat' dir='ltr'>terre</span> <span class='ocrx_word' id='word_1_73' title='bbox 929 3128 1129 3187; x_wconf 89' lang='lat' dir='ltr'>communes,</span> <span class='ocrx_word' id='word_1_74' title='bbox 1162 3123 1192 3171; x_wconf 91' lang='lat' dir='ltr'>et</span> <span class='ocrx_word' id='word_1_75' title='bbox 1224 3110 1306 3171; x_wconf 89' lang='lat' dir='ltr'>inter</span> <span class='ocrx_word' id='word_1_76' title='bbox 1337 3110 1422 3170; x_wconf 88' lang='lat' dir='ltr'>viam</span> <span class='ocrx_word' id='word_1_77' title='bbox 1447 3127 1653 3170; x_wconf 88' lang='lat' dir='ltr'>communem</span> <span class='ocrx_word' id='word_1_78' title='bbox 1678 3107 1717 3168; x_wconf 85' lang='lat' dir='ltr'>ab</span> 
     </span>
     <span class='ocr_line' id='line_1_12' title="bbox 457 3213 1721 3298; baseline -0.003 -20"><span class='ocrx_word' id='word_1_79' title='bbox 457 3217 648 3279; x_wconf 90' lang='lat' dir='ltr'>occidentali</span> <span class='ocrx_word' id='word_1_80' title='bbox 673 3231 703 3278; x_wconf 90' lang='lat' dir='ltr'>et</span> <span class='ocrx_word' id='word_1_81' title='bbox 727 3237 744 3277; x_wconf 89' lang='lat' dir='ltr'>a</span> <span class='ocrx_word' id='word_1_82' title='bbox 769 3216 1024 3298; x_wconf 87' lang='lat' dir='ltr'>septemtrionali</span> <span class='ocrx_word' id='word_1_83' title='bbox 1050 3216 1193 3298; x_wconf 89' lang='lat' dir='ltr'>partibus</span> <span class='ocrx_word' id='word_1_84' title='bbox 1210 3230 1293 3278; x_wconf 89' lang='lat' dir='ltr'>terre</span> <span class='ocrx_word' id='word_1_85' title='bbox 1317 3215 1455 3277; x_wconf 87' lang='lat' dir='ltr'>arabiles</span> <span class='ocrx_word' id='word_1_86' title='bbox 1479 3213 1721 3277; x_wconf 88' lang='lat' dir='ltr'>communitatis</span> 
     </span>
     <span class='ocr_line' id='line_1_13' title="bbox 457 3321 1719 3406; baseline -0.003 -22"><span class='ocrx_word' id='word_1_87' title='bbox 457 3322 589 3406; x_wconf 86' lang='lat' dir='ltr'>prefate,</span> <span class='ocrx_word' id='word_1_88' title='bbox 613 3323 698 3402; x_wconf 87' lang='lat' dir='ltr'>sitas,</span> <span class='ocrx_word' id='word_1_89' title='bbox 723 3322 847 3384; x_wconf 88' lang='lat' dir='ltr'>habitas</span> <span class='ocrx_word' id='word_1_90' title='bbox 879 3335 909 3383; x_wconf 90' lang='lat' dir='ltr'>et</span> <span class='ocrx_word' id='word_1_91' title='bbox 943 3323 1123 3401; x_wconf 82' lang='lat' dir='ltr'>existentes,</span> <span class='ocrx_word' id='word_1_92' title='bbox 1155 3322 1234 3384; x_wconf 90' lang='lat' dir='ltr'>duas</span> <span class='ocrx_word' id='word_1_93' title='bbox 1262 3321 1362 3384; x_wconf 85' lang='lat' dir='ltr'>dietas</span> <span class='ocrx_word' id='word_1_94' title='bbox 1393 3323 1426 3382; x_wconf 92' lang='lat' dir='ltr'>in</span> <span class='ocrx_word' id='word_1_95' title='bbox 1450 3341 1484 3382; x_wconf 88' lang='lat' dir='ltr'>se</span> <span class='ocrx_word' id='word_1_96' title='bbox 1509 3321 1719 3398; x_wconf 85' lang='lat' dir='ltr'>continentes,</span> 
     </span>
     <span class='ocr_line' id='line_1_14' title="bbox 456 3427 1719 3511; baseline -0.002 -21"><span class='ocrx_word' id='word_1_97' title='bbox 456 3430 552 3492; x_wconf 89' lang='lat' dir='ltr'>simul</span> <span class='ocrx_word' id='word_1_98' title='bbox 577 3449 650 3491; x_wconf 90' lang='lat' dir='ltr'>cum</span> <span class='ocrx_word' id='word_1_99' title='bbox 675 3430 796 3490; x_wconf 88' lang='lat' dir='ltr'>eisdem</span> <span class='ocrx_word' id='word_1_100' title='bbox 821 3429 912 3490; x_wconf 91' lang='lat' dir='ltr'>terris</span> <span class='ocrx_word' id='word_1_101' title='bbox 936 3429 1128 3491; x_wconf 82' lang='lat' dir='ltr'>amabilibus</span> <span class='ocrx_word' id='word_1_102' title='bbox 1152 3445 1182 3490; x_wconf 89' lang='lat' dir='ltr'>et</span> <span class='ocrx_word' id='word_1_103' title='bbox 1206 3445 1297 3511; x_wconf 91' lang='lat' dir='ltr'>prato</span> <span class='ocrx_word' id='word_1_104' title='bbox 1330 3428 1532 3507; x_wconf 88' lang='lat' dir='ltr'>utilitatibus,</span> <span class='ocrx_word' id='word_1_105' title='bbox 1554 3427 1665 3488; x_wconf 92' lang='lat' dir='ltr'>usibus</span> <span class='ocrx_word' id='word_1_106' title='bbox 1688 3441 1719 3487; x_wconf 92' lang='lat' dir='ltr'>et</span> 
     </span>
     <span class='ocr_line' id='line_1_15' title="bbox 457 3533 1720 3619; baseline -0.003 -22"><span class='ocrx_word' id='word_1_107' title='bbox 457 3537 663 3619; x_wconf 87' lang='lat' dir='ltr'>pertinenciis</span> <span class='ocrx_word' id='word_1_108' title='bbox 687 3536 844 3597; x_wconf 89' lang='lat' dir='ltr'>universis</span> <span class='ocrx_word' id='word_1_109' title='bbox 869 3537 999 3616; x_wconf 82' lang='lat' dir='ltr'>egregio</span> <span class='ocrx_word' id='word_1_110' title='bbox 1032 3535 1167 3596; x_wconf 92' lang='lat' dir='ltr'>domino</span> <span class='ocrx_word' id='word_1_111' title='bbox 1192 3534 1331 3596; x_wconf 80' lang='lat' dir='ltr'>iohanni</span> <span class='ocrx_word' id='word_1_112' title='bbox 1366 3535 1488 3596; x_wconf 86' lang='lat' dir='ltr'>Jacobo</span> <span class='ocrx_word' id='word_1_113' title='bbox 1512 3534 1552 3595; x_wconf 92' lang='lat' dir='ltr'>de</span> <span class='ocrx_word' id='word_1_114' title='bbox 1575 3533 1720 3615; x_wconf 83' lang='lat' dir='ltr'>Angelis,</span> 
     </span>
     <span class='ocr_line' id='line_1_16' title="bbox 458 3638 1720 3720; baseline -0.002 -18"><span class='ocrx_word' id='word_1_115' title='bbox 458 3643 578 3703; x_wconf 89' lang='lat' dir='ltr'>arcium</span> <span class='ocrx_word' id='word_1_116' title='bbox 603 3656 634 3704; x_wconf 92' lang='lat' dir='ltr'>et</span> <span class='ocrx_word' id='word_1_117' title='bbox 659 3641 818 3703; x_wconf 89' lang='lat' dir='ltr'>medicine</span> <span class='ocrx_word' id='word_1_118' title='bbox 854 3641 991 3720; x_wconf 91' lang='lat' dir='ltr'>doctori,</span> <span class='ocrx_word' id='word_1_119' title='bbox 1023 3661 1059 3702; x_wconf 89' lang='lat' dir='ltr'>ac</span> <span class='ocrx_word' id='word_1_120' title='bbox 1083 3641 1185 3702; x_wconf 93' lang='lat' dir='ltr'>nobili</span> <span class='ocrx_word' id='word_1_121' title='bbox 1217 3641 1350 3702; x_wconf 92' lang='lat' dir='ltr'>domine</span> <span class='ocrx_word' id='word_1_122' title='bbox 1381 3641 1509 3702; x_wconf 89' lang='lat' dir='ltr'>Milicza</span> <span class='ocrx_word' id='word_1_123' title='bbox 1540 3638 1720 3702; x_wconf 88' lang='lat' dir='ltr'>conthorali</span> 
     </span>
     <span class='ocr_line' id='line_1_17' title="bbox 459 3745 1719 3830; baseline -0.003 -21"><span class='ocrx_word' id='word_1_124' title='bbox 459 3748 603 3810; x_wconf 86' lang='lat' dir='ltr'>eiusdem</span> <span class='ocrx_word' id='word_1_125' title='bbox 621 3767 679 3830; x_wconf 91' lang='lat' dir='ltr'>pro</span> <span class='ocrx_word' id='word_1_126' title='bbox 704 3762 777 3808; x_wconf 89' lang='lat' dir='ltr'>octo</span> <span class='ocrx_word' id='word_1_127' title='bbox 794 3747 864 3809; x_wconf 88' lang='lat' dir='ltr'>flor.</span> <span class='ocrx_word' id='word_1_128' title='bbox 889 3748 928 3808; x_wconf 87' lang='lat' dir='ltr'>ab</span> <span class='ocrx_word' id='word_1_129' title='bbox 954 3747 1073 3809; x_wconf 89' lang='lat' dir='ltr'>eisdem</span> <span class='ocrx_word' id='word_1_130' title='bbox 1092 3747 1179 3828; x_wconf 90' lang='lat' dir='ltr'>prius</span> <span class='ocrx_word' id='word_1_131' title='bbox 1201 3747 1296 3829; x_wconf 87' lang='lat' dir='ltr'>plene</span> <span class='ocrx_word' id='word_1_132' title='bbox 1313 3747 1436 3824; x_wconf 86' lang='lat' dir='ltr'>levatis,</span> <span class='ocrx_word' id='word_1_133' title='bbox 1462 3745 1578 3809; x_wconf 88' lang='lat' dir='ltr'>habitis</span> <span class='ocrx_word' id='word_1_134' title='bbox 1602 3759 1633 3808; x_wconf 88' lang='lat' dir='ltr'>et</span> <span class='ocrx_word' id='word_1_135' title='bbox 1649 3764 1719 3828; x_wconf 89' lang='lat' dir='ltr'>per·</span> 
     </span>
     <span class='ocr_line' id='line_1_18' title="bbox 458 3854 1718 3938; baseline -0.003 -21"><span class='ocrx_word' id='word_1_136' title='bbox 458 3857 567 3938; x_wconf 87' lang='lat' dir='ltr'>ceptis,</span> <span class='ocrx_word' id='word_1_137' title='bbox 591 3875 650 3917; x_wconf 89' lang='lat' dir='ltr'>nos</span> <span class='ocrx_word' id='word_1_138' title='bbox 674 3856 889 3917; x_wconf 88' lang='lat' dir='ltr'>communitas</span> <span class='ocrx_word' id='word_1_139' title='bbox 914 3854 1035 3938; x_wconf 84' lang='lat' dir='ltr'>prefata</span> <span class='ocrx_word' id='word_1_140' title='bbox 1071 3855 1276 3917; x_wconf 90' lang='lat' dir='ltr'>vendidimus</span> <span class='ocrx_word' id='word_1_141' title='bbox 1308 3855 1376 3936; x_wconf 85' lang='lat' dir='ltr'>jure</span> <span class='ocrx_word' id='word_1_142' title='bbox 1409 3869 1564 3937; x_wconf 89' lang='lat' dir='ltr'>perpetuo</span> <span class='ocrx_word' id='word_1_143' title='bbox 1589 3868 1620 3915; x_wconf 91' lang='lat' dir='ltr'>et</span> <span class='ocrx_word' id='word_1_144' title='bbox 1643 3854 1718 3914; x_wconf 86' lang='lat' dir='ltr'>irre·</span> 
     </span>
     <span class='ocr_line' id='line_1_19' title="bbox 457 3960 1720 4043; baseline -0.003 -19"><span class='ocrx_word' id='word_1_145' title='bbox 457 3963 645 4024; x_wconf 88' lang='lat' dir='ltr'>vocabiliter</span> <span class='ocrx_word' id='word_1_146' title='bbox 669 3963 833 4040; x_wconf 90' lang='lat' dir='ltr'>tenendas,</span> <span class='ocrx_word' id='word_1_147' title='bbox 858 3961 1069 4043; x_wconf 87' lang='lat' dir='ltr'>possidendas</span> <span class='ocrx_word' id='word_1_148' title='bbox 1093 3963 1210 4043; x_wconf 89' lang='lat' dir='ltr'>pariter</span> <span class='ocrx_word' id='word_1_149' title='bbox 1241 3975 1272 4023; x_wconf 89' lang='lat' dir='ltr'>et</span> <span class='ocrx_word' id='word_1_150' title='bbox 1296 3960 1459 4022; x_wconf 88' lang='lat' dir='ltr'>habendas</span> <span class='ocrx_word' id='word_1_151' title='bbox 1482 3981 1519 4021; x_wconf 92' lang='lat' dir='ltr'>ac</span> <span class='ocrx_word' id='word_1_152' title='bbox 1542 3960 1628 4042; x_wconf 85' lang='lat' dir='ltr'>juxta</span> <span class='ocrx_word' id='word_1_153' title='bbox 1645 3979 1720 4021; x_wconf 91' lang='lat' dir='ltr'>con-</span> 
     </span>
     <span class='ocr_line' id='line_1_20' title="bbox 458 4067 1720 4151; baseline -0.004 -21"><span class='ocrx_word' id='word_1_154' title='bbox 458 4069 620 4130; x_wconf 89' lang='lat' dir='ltr'>dicionem</span> <span class='ocrx_word' id='word_1_155' title='bbox 645 4084 810 4151; x_wconf 90' lang='lat' dir='ltr'>prenotate</span> <span class='ocrx_word' id='word_1_156' title='bbox 836 4069 973 4130; x_wconf 88' lang='lat' dir='ltr'>civitatis</span> <span class='ocrx_word' id='word_1_157' title='bbox 1004 4070 1044 4129; x_wconf 87' lang='lat' dir='ltr'>ab</span> <span class='ocrx_word' id='word_1_158' title='bbox 1076 4069 1210 4148; x_wconf 88' lang='lat' dir='ltr'>antiquo</span> <span class='ocrx_word' id='word_1_159' title='bbox 1244 4067 1486 4150; x_wconf 85' lang='lat' dir='ltr'>privilegialiter</span> <span class='ocrx_word' id='word_1_160' title='bbox 1509 4067 1720 4149; x_wconf 88' lang='lat' dir='ltr'>approbatam</span> 
     </span>
     <span class='ocr_line' id='line_1_21' title="bbox 458 4171 1720 4258; baseline -0.004 -21"><span class='ocrx_word' id='word_1_161' title='bbox 458 4175 767 4258; x_wconf 88' lang='lat' dir='ltr'>quomodocumque</span> <span class='ocrx_word' id='word_1_162' title='bbox 791 4175 930 4236; x_wconf 86' lang='lat' dir='ltr'>voluerit</span> <span class='ocrx_word' id='word_1_163' title='bbox 955 4173 1190 4256; x_wconf 84' lang='lat' dir='ltr'>disponendas;</span> <span class='ocrx_word' id='word_1_164' title='bbox 1222 4174 1272 4234; x_wconf 92' lang='lat' dir='ltr'>cui</span> <span class='ocrx_word' id='word_1_165' title='bbox 1306 4173 1378 4235; x_wconf 87' lang='lat' dir='ltr'>data</span> <span class='ocrx_word' id='word_1_166' title='bbox 1403 4185 1450 4234; x_wconf 89' lang='lat' dir='ltr'>est</span> <span class='ocrx_word' id='word_1_167' title='bbox 1473 4171 1564 4234; x_wconf 91' lang='lat' dir='ltr'>litera</span> <span class='ocrx_word' id='word_1_168' title='bbox 1590 4171 1720 4254; x_wconf 88' lang='lat' dir='ltr'>privile-</span> 
     </span>
     <span class='ocr_line' id='line_1_22' title="bbox 457 4279 1571 4364; baseline -0.006 -20"><span class='ocrx_word' id='word_1_169' title='bbox 457 4283 561 4364; x_wconf 85' lang='lat' dir='ltr'>gialis.</span> <span class='ocrx_word' id='word_1_170' title='bbox 588 4283 705 4344; x_wconf 90' lang='lat' dir='ltr'>Datum</span> <span class='ocrx_word' id='word_1_171' title='bbox 731 4283 864 4344; x_wconf 86' lang='lat' dir='ltr'>sabbato</span> <span class='ocrx_word' id='word_1_172' title='bbox 889 4295 962 4344; x_wconf 88' lang='lat' dir='ltr'>ante</span> <span class='ocrx_word' id='word_1_173' title='bbox 987 4281 1200 4342; x_wconf 89' lang='lat' dir='ltr'>dominicam:</span> <span class='ocrx_word' id='word_1_174' title='bbox 1236 4279 1342 4342; x_wconf 92' lang='lat' dir='ltr'>Oculi.</span> <span class='ocrx_word' id='word_1_175' title='bbox 1382 4299 1473 4360; x_wconf 89' lang='lat'>1500.</span> <span class='ocrx_word' id='word_1_176' title='bbox 1495 4283 1571 4358; x_wconf 81' lang='lat' dir='ltr'>(sic.)</span> 
     </span>
    </p>
   </div>
   <div class='ocr_carea' id='block_1_5' title="bbox 0 0 1919 5806">
    <p class='ocr_par' dir='ltr' id='par_1_8' title="bbox 0 0 1919 5806">
     <span class='ocr_line' id='line_1_23' title="bbox 0 0 1919 5806; baseline 0 0"><span class='ocrx_word' id='word_1_177' title='bbox 0 0 1919 5806; x_wconf 95' lang='lat' dir='ltr'> </span> 
     </span>
    </p>
   </div>
  </div>
 </body>
</html>
