3842 5802
397 572 435 632 32
923 560 1008 614 Anno
1032 552 1123 632 1476.

391 763 652 846 predecessorum
687 768 829 848 ipsorum
866 767 961 827 titulo
993 767 1183 828 donacionis
1215 784 1246 830 et
1277 769 1453 832 elemosine
1485 771 1591 832 datam
1624 787 1655 832 et

391 871 575 952 asscriptum
601 893 636 933 ac
661 887 814 954 perpetue
840 870 989 932 traditam
1009 888 1104 955 prout
1129 873 1188 935 hoc
1207 874 1239 935 in
1269 874 1408 955 quadam
1435 876 1526 938 litera
1550 891 1655 938 nostra

391 999 446 1039 seu
471 979 607 1040 civitatis
639 993 806 1060 prenotate
838 992 983 1060 tempore
1016 979 1174 1060 judicatus
1206 981 1265 1041 viri
1299 980 1447 1043 similiter
1475 982 1602 1063 providi
1626 997 1657 1044 et

348 1075 352 1082 ⁸
391 1086 610 1168 circumspecti
639 1087 735 1147 Blasii
759 1085 816 1146 lilii
844 1085 926 1148 Petri
956 1085 1092 1147 senioris
1127 1086 1241 1164 judicis
1273 1101 1303 1147 et
1328 1088 1469 1148 concivis
1493 1088 1592 1149 nostri
1616 1088 1656 1148 de

391 1213 475 1253 anno
503 1193 633 1254 Domini
658 1193 831 1253 millesimo
861 1191 1180 1274 quadringentesimo
1212 1194 1450 1276 septuagesimo
1474 1193 1599 1274 quinto,
1623 1195 1654 1254 in

391 1313 502 1361 octava
529 1300 734 1360 Ascensionis
766 1299 898 1360 Domini
931 1299 1132 1381 aliquamdiu
1165 1299 1324 1381 preteritis
1359 1319 1416 1381 pro
1441 1314 1529 1382 parte
1555 1299 1655 1382 ipsius

393 1406 554 1466 Benedicti
580 1406 709 1466 sartoris
735 1406 918 1487 Symunycz
944 1405 1018 1466 dicti
1038 1419 1184 1468 emanata
1209 1419 1239 1467 et
1257 1425 1364 1466 coram
1390 1407 1483 1468 nobis
1501 1406 1532 1466 in
1550 1407 1654 1487 specie

391 1513 545 1593 producta
571 1511 632 1574 fide
658 1512 797 1572 vidimus
822 1512 977 1572 contineri
996 1512 1141 1574 oculata:
1168 1513 1275 1572 Primo
1294 1511 1443 1574 videlicet
1467 1513 1654 1593 porcionem

390 1638 445 1680 seu
472 1619 676 1680 medietatem
702 1617 806 1678 civilis
822 1637 877 1678 εει]
894 1615 985 1679 fundi
1012 1617 1184 1678 domorum
1215 1632 1245 1678 et
1262 1616 1461 1678 edificiorum
1486 1638 1521 1678 ac
1546 1617 1654 1679 celarii

389 1725 587 1785 subterranei
613 1725 643 1784 in
671 1724 753 1784 dicta
772 1723 898 1784 civitate
927 1724 1089 1784 existentis
1116 1743 1133 1784 a
1164 1737 1252 1805 parte
1277 1723 1425 1784 orientali
1450 1743 1549 1805 penes
1565 1723 1648 1783 viam

389 1851 444 1891 seu
471 1831 607 1912 plateam
633 1850 851 1907 communem,
885 1851 901 1890 a
934 1843 1023 1911 parte
1055 1849 1131 1890 vero
1164 1829 1368 1890 meridionali
1393 1849 1491 1911 penes
1514 1826 1651 1892 fundum

389 1957 444 1996 seu
469 1937 562 1998 civile
588 1937 714 2018 providi
740 1936 840 1998 Marci
866 1935 1023 1996 carnificis
1047 1936 1191 1996 concivis
1207 1949 1238 1996 et
1261 1935 1397 1996 senioris
1421 1934 1514 2016 jurati
1543 1935 1654 2012 nostri,

389 2064 406 2102 a
432 2057 517 2124 parte
543 2057 650 2104 autern
675 2042 805 2104 australi
833 2062 931 2124 penes
955 2039 1092 2102 fundum
1126 2056 1156 2102 et
1187 2042 1282 2103 civile
1307 2040 1420 2123 prefati
1446 2041 1567 2103 Mathie
1590 2061 1653 2100 sar·

388 2151 466 2210 toris
491 2149 638 2211 moderni
664 2148 764 2209 nostri
790 2147 904 2228 judicis
928 2167 964 2209 ac
982 2147 1223 2209 communitatis
1253 2161 1359 2209 nostre
1384 2161 1415 2209 et
1439 2147 1571 2209 domine
1591 2148 1652 2208 Do-

389 2255 498 2316 rothee
524 2255 680 2316 consortis
704 2253 846 2314 eiusdem
872 2253 1030 2334 legittime
1055 2253 1196 2314 habitam
1222 2268 1252 2314 et
1277 2253 1478 2317 existentem.

496 2377 573 2440 ltem
598 2378 731 2439 totalem
756 2392 786 2438 et
819 2378 974 2457 integram
1009 2378 1196 2460 porcionem
1230 2378 1454 2440 clenodiorum
1480 2393 1511 2440 et
1536 2379 1653 2440 utensi·

389 2486 468 2546 lium
494 2485 621 2562 domus,
646 2484 762 2564 quovis
786 2483 917 2544 nomine
942 2484 1163 2562 vocitatarum,
1193 2485 1340 2544 similiter
1365 2484 1503 2546 eundem
1531 2483 1653 2564 Grego-

389 2591 471 2652 tium
497 2589 599 2652 filium
625 2589 772 2670 Gregorii
800 2590 984 2673 Symunycz
1009 2591 1289 2654 concernentium.

494 2713 572 2775 ltem
604 2713 735 2774 totalem
769 2727 799 2773 et
832 2713 988 2794 integram
1020 2715 1208 2796 porcionem
1240 2715 1334 2775 vinee
1366 2714 1513 2775 similiter
1548 2715 1650 2795 ipsum

388 2820 525 2882 condam
561 2819 754 2901 Gregorium
787 2818 889 2880 filium
922 2819 1071 2900 Gregorii
1105 2820 1288 2902 Symunycz
1320 2833 1588 2897 concernentem,
1621 2820 1651 2879 in

388 2927 548 2988 territorio
573 2941 683 2987 nostro
709 2926 862 3004 habitam,
899 2927 990 2987 cuia
1024 2940 1112 3007 parte
1146 2926 1349 2987 meridionali
1375 2926 1533 2986 vicinatur
1558 2927 1651 2986 vinea

388 3051 444 3091 εει]
476 3031 587 3113 porcio
622 3032 714 3092 vinee
752 3029 865 3112 prefati
899 3031 1019 3092 Mathie
1055 3033 1185 3092 sartoris
1221 3032 1367 3092 moderni
1400 3031 1515 3112 judicis
1547 3045 1653 3093 nostre

388 3137 639 3216 communitatis,
664 3158 680 3198 a
706 3151 794 3218 parte
823 3157 899 3198 vero
935 3137 1126 3198 occidentali
1160 3137 1297 3219 desuper
1330 3157 1431 3218 usque
1456 3138 1540 3198 viam
1566 3157 1654 3198 com·

388 3263 530 3322 munem,
555 3264 572 3304 a
597 3257 684 3325 parte
710 3257 816 3304 autem
841 3244 971 3303 australi
995 3263 1093 3324 penes
1111 3244 1237 3304 vineam
1268 3243 1424 3304 desertam
1450 3242 1529 3303 olim
1548 3242 1652 3303 cuius·

387 3350 460 3410 dam
488 3349 670 3428 Brodaricz,
695 3369 712 3409 a
737 3364 824 3430 parte
842 3361 949 3410 autem
975 3349 1123 3410 orientali
1142 3347 1223 3410 inira
1242 3369 1343 3429 usque
1369 3349 1539 3410 decursum
1558 3368 1652 3429 aque,

387 3475 458 3516 cum
486 3457 585 3517 domo
610 3457 692 3517 circa
716 3455 852 3516 eandem
872 3455 999 3516 vineam
1025 3470 1205 3518 constructa
1223 3475 1259 3516 ac
1276 3455 1348 3516 aliis
1373 3456 1532 3516 universis
1557 3456 1652 3537 perti-

388 3561 509 3622 nenciis
534 3561 677 3623 eiusdem
703 3561 806 3623 vinee.

493 3685 898 3766 ltemsimiliterquandam
915 3698 1030 3746 terram
1049 3685 1203 3746 arabilem
1213 3705 1269 3746 seu
1286 3685 1474 3767 porcionem
1488 3685 1518 3746 in
1537 3705 1651 3767 campo

386 3813 442 3853 seu
466 3793 626 3855 territorio
654 3808 763 3854 nostro
792 3793 945 3870 habitam,
977 3793 1028 3853 cui
1056 3813 1073 3853 a
1108 3805 1194 3874 parte
1227 3793 1376 3853 orientali
1402 3805 1433 3854 et
1457 3792 1650 3854 occidentali

387 3899 567 3960 vicinantur
591 3899 641 3959 vie
667 3919 865 3977 communes,
891 3919 906 3959 a
941 3913 1029 3979 parte
1054 3917 1131 3959 vero
1164 3899 1368 3960 meridionali
1395 3918 1493 3980 penes
1517 3899 1651 3960 fluvium

386 4005 543 4088 Zernyak,
568 4025 584 4066 a
609 4019 697 4086 parte
722 4019 828 4066 autem
851 4005 980 4065 australi
998 4025 1096 4086 penes
1113 4006 1301 4086 porcionem
1326 4019 1409 4067 terre
1433 4005 1564 4066 arabilis
1580 4024 1651 4086 pre·

387 4109 440 4170 fati
467 4110 585 4172 Mathie
610 4111 739 4171 sartoris
764 4110 910 4171 moderni
936 4109 1050 4191 judicis
1075 4125 1180 4171 nostre
1206 4111 1455 4174 communitatis.

492 4233 569 4295 ltem
605 4235 770 4315 quoddam
804 4233 901 4295 fenile
934 4235 1081 4295 similiter
1118 4236 1148 4296 in
1186 4236 1346 4296 territorio
1371 4249 1481 4297 nostro
1507 4236 1650 4297 habitum

387 4339 468 4398 inter
494 4353 524 4400 et
549 4359 645 4421 penes
678 4341 852 4420 quemdam
886 4339 1020 4401 fluvium
1054 4341 1152 4422 vulgo
1186 4343 1330 4423 Zernyak
1354 4342 1487 4420 dictum,
1513 4345 1552 4403 ab
1577 4362 1651 4420 una,

385 4444 536 4506 videlicet
560 4445 708 4506 orientali
735 4461 834 4527 parte,
857 4467 894 4506 ac
919 4467 1017 4528 penes
1051 4448 1134 4507 viam
1169 4467 1376 4508 communem
1402 4469 1418 4509 a
1444 4447 1649 4509 meridionali

385 4563 484 4630 parte,
510 4570 567 4610 nec
594 4571 657 4611 non
684 4571 781 4632 penes
805 4549 902 4613 fenile
928 4551 1043 4634 prelati
1061 4552 1181 4614 Mathie
1206 4554 1336 4614 sartoris
1353 4553 1500 4615 moderni
1526 4553 1651 4634 judicis,

385 4658 424 4716 ab
449 4657 654 4734 occidentali,
678 4671 708 4718 et
733 4678 831 4739 penes
855 4673 971 4720 terram
997 4661 1150 4721 arabilem
1176 4661 1233 4720 viri
1259 4661 1406 4722 similiter
1430 4661 1556 4742 providi
1583 4661 1649 4722 Ste-

384 4761 481 4841 phani
508 4763 660 4824 institoris
685 4765 808 4845 pridem
834 4764 938 4845 jurati,
964 4786 980 4825 a
1010 4766 1263 4847 septemtrionali
1290 4781 1389 4848 parte.

491 4885 568 4946 ltem
594 4888 743 4967 equalem
769 4903 799 4950 et
825 4890 977 4950 directam
997 4891 1183 4970 porcionem
1202 4891 1281 4952 silve
1306 4892 1337 4952 in
1354 4891 1516 4954 territorio
1542 4906 1651 4952 nostro

385 4989 504 5068 habite,
530 4993 579 5053 cui
605 5013 622 5053 a
646 5007 735 5076 parte
761 4994 964 5056 meridionali
990 4997 1147 5059 vicinatur
1164 4999 1242 5060 silva
1266 5000 1487 5082 circumspecti
1513 5000 1571 5060 viri
1597 4999 1649 5060 Jo-
