3810 5806
788 530 970 592 Inventam.
1457 548 1516 613 129

359 740 436 802 Item
463 761 558 802 aurea
583 741 669 823 palla
688 741 806 820 altaris,
827 740 867 802 de
884 743 1033 820 kamolca,
1051 741 1172 803 babens
1188 743 1220 804 in
1239 761 1272 804 se
1296 741 1415 824 figuras
1431 741 1518 804 iron-

254 848 343 908 dium
368 868 425 909 seu
450 846 616 926 loliorum,
640 867 714 910 cum
733 848 893 909 similibus
909 848 1036 929 angulis
1052 849 1092 910 de
1109 869 1187 910 auro
1205 851 1371 926 contextis,
1396 849 1519 910 babens

252 969 283 1016 et
306 973 432 1016 comam
458 974 635 1016 cumauro
667 968 770 1016 sutam
806 967 838 1016 et
868 955 981 1034 serice,
1013 953 1184 1016 habentem
1209 955 1345 1017 sericum
1372 955 1517 1036 pendens

252 1074 283 1123 et
307 1079 371 1122 non
397 1059 532 1124 filatum.

358 1167 435 1228 Item
460 1167 590 1229 inventa
614 1180 661 1230 est
684 1168 746 1229 alia
771 1167 861 1250 palla
893 1167 1015 1230 habens
1038 1169 1174 1230 rubeum
1208 1187 1358 1250 campum
1384 1182 1415 1229 et
1439 1168 1519 1229 vites

253 1293 309 1334 seu
334 1272 411 1334 folia
438 1275 630 1335 creberrima
655 1293 727 1335 cum
753 1294 832 1336 auro
864 1275 967 1352 textis,
992 1295 1066 1336 cum
1098 1295 1189 1336 coma
1220 1289 1250 1336 et
1281 1295 1348 1336 uno
1372 1275 1517 1355 angulari

252 1398 325 1440 curn
351 1399 429 1441 auro
454 1379 555 1460 lactis,
579 1395 610 1442 et
634 1381 747 1442 eadem
779 1380 865 1463 palla
898 1381 994 1442 babet
1028 1381 1059 1442 in
1094 1401 1156 1442 una
1180 1381 1264 1463 plica
1288 1379 1431 1442 inferiori
1463 1379 1516 1441 de-

253 1485 383 1549 lectum.
940 1490 943 1498 ’

360 1592 437 1654 Item
463 1607 538 1654 sunt
562 1595 662 1655 eciam
686 1593 816 1656 inventa
849 1593 988 1675 quedam
1021 1607 1210 1656 ornamenta
1241 1593 1349 1655 altaris
1373 1594 1516 1675 antiqua,

256 1700 376 1761 babent
399 1713 506 1761 tamen
532 1701 686 1763 mensalia
710 1701 785 1762 satis
810 1703 904 1762 bona.

356 1823 434 1885 Item
460 1838 506 1884 est
531 1844 614 1885 unus
637 1845 763 1907 pannus
786 1825 918 1886 sericius
941 1824 1082 1886 diversas
1109 1825 1276 1908 ymagines
1300 1825 1399 1886 sancti
1426 1824 1510 1886 Mar·

251 1930 310 1990 tini
336 1930 467 1992 habens.

357 2036 435 2098 Item
459 2057 523 2099 una
548 2037 632 2119 palla
657 2038 789 2126 antIqua
814 2037 931 2118 figuras
961 2039 1053 2099 beate
1086 2035 1219 2117 virginis
1250 2050 1281 2098 et
1305 2035 1362 2098 lilii
1387 2037 1456 2098 eius
1480 2057 1516 2099 ac

249 2137 370 2226 Joseph
395 2157 426 2203 et
450 2157 614 2224 pastorum
639 2159 736 2225 atque
754 2145 929 2206 bestiarum
956 2164 1028 2204 curn
1046 2143 1291 2226 joculatoribus,
1314 2145 1396 2205 sicut
1420 2143 1513 2207 Chri-

251 2261 317 2310 stus
340 2247 401 2310 fuit
425 2263 528 2312 natus.

356 2356 432 2417 Item
458 2377 522 2418 una
546 2356 631 2439 palla
656 2356 695 2417 de
720 2376 799 2418 auro
823 2358 856 2419 iu
880 2377 996 2439 campo
1027 2355 1102 2418 albo
1126 2357 1193 2418 siue
1226 2355 1368 2418 Iontaliis
1393 2371 1424 2419 et
1447 2357 1515 2418 sine

253 2463 390 2543 angulis,
415 2483 487 2525 cum
513 2477 586 2526 octo
611 2464 713 2547 plicis.

358 2569 434 2631 Item
460 2571 609 2633 inventus
635 2585 681 2634 est
706 2590 788 2632 unus
812 2591 938 2653 pannus
954 2572 1076 2632 babens
1099 2591 1249 2653 campum
1274 2570 1372 2632 blavii
1398 2571 1515 2632 coloris

251 2689 378 2736 etcum
404 2676 497 2738 certis
519 2676 652 2738 floribus
677 2690 707 2738 et
732 2679 828 2738 ramis
852 2677 890 2737 de
921 2692 1065 2758 argente,
1090 2678 1145 2758 qui
1170 2677 1237 2738 sedi
1263 2676 1438 2758 episcopali
1463 2695 1514 2736 su·

249 2783 384 2864 perponi
417 2783 509 2846 solet.

354 2888 429 2950 Item
455 2889 520 2950 duo
546 2891 700 2952 mensalia
726 2909 840 2971 magna
866 2903 896 2951 et
920 2890 986 2950 duo
1010 2889 1210 2970 manutergia
1235 2887 1430 2950 communia.

355 3013 432 3076 Item
473 3034 573 3076 unum
610 3015 697 3076 aliud
734 3015 992 3096 manutergium,
1028 3015 1115 3097 quod
1151 3013 1233 3075 solet
1267 3033 1363 3096 super
1398 3032 1514 3095 corpus

250 3119 432 3182 Innocentis
457 3122 544 3203 poni.

353 3226 431 3287 Item
456 3246 557 3287 unum
582 3225 777 3287 aurifrisium
804 3228 936 3308 longum
963 3243 993 3288 et
1009 3227 1109 3288 latum
1136 3245 1304 3287 cumauro
1329 3239 1511 3290 consutum.

356 3331 432 3394 Item
458 3333 546 3393 aliud
571 3333 678 3394 minus
704 3347 735 3394 et
756 3333 936 3414 antiquum.

315 3564 523 3644 Sequitur
548 3563 839 3625 inventarium
865 3564 911 3624 de
936 3564 1056 3641 albis,
1081 3563 1378 3624 humeralibus
1402 3575 1440 3624 et

671 3669 865 3750 cingulis
889 3684 926 3731 et
950 3671 1088 3732 stolis.

353 3813 431 3874 Item
457 3815 586 3873 invente
611 3827 684 3874 sunt
708 3812 820 3893 viginti
853 3812 923 3873 albe
953 3811 1035 3872 inter
1058 3811 1241 3894 solempnes
1273 3825 1303 3872 et
1328 3810 1434 3872 minus
1456 3830 1508 3871 so·

245 3921 404 4002 lempnes,
428 3937 486 4000 pro
511 3918 625 3979 maiori
650 3931 738 4000 parte
763 3917 802 3978 de
827 3919 912 3979 bona
937 3917 1009 3979 tela.

352 4027 427 4088 Item
439 4027 551 4108 vigInti
563 4024 767 4111 (hlumeralia
784 4038 815 4086 et
826 4037 892 4086 tota
905 4024 1097 4106 sollempnia
1107 4037 1138 4085 et
1151 4023 1347 4103 communia,
1366 4041 1505 4104 quorum

247 4154 348 4196 unum
370 4149 416 4196 est
440 4153 513 4195 cum
531 4133 627 4215 perlis
653 4145 837 4194 contextum
862 4132 892 4192 in
920 4151 1027 4213 panno
1044 4131 1158 4192 sericio
1175 4131 1280 4191 blavei
1299 4129 1415 4190 coloris
1432 4148 1505 4190 curn

246 4243 393 4322 qulnque
416 4240 578 4322 lapidibus
601 4240 711 4301 viridis
735 4239 852 4300 coloris
876 4239 907 4299 in
932 4258 1011 4300 auro
1035 4238 1150 4319 ligatis.

351 4347 430 4409 Item
463 4366 525 4408 una
558 4346 649 4425 alba,
682 4345 886 4428 (h)umerale,
918 4345 1186 4427 manipulum,et
1217 4343 1297 4404 stola
1330 4343 1362 4403 ln
1387 4341 1509 4423 capella

244 4468 352 4517 sancte
377 4451 556 4538 Elyzabeth
581 4453 726 4515 babetur.

352 4561 428 4622 Item
454 4559 543 4620 aliud
568 4558 757 4638 (b)umerale
790 4579 862 4620 curn
895 4559 1069 4620 laminibus
1102 4557 1260 4638 argenteis
1293 4553 1453 4617 deauratis
1477 4567 1508 4616 et

243 4667 341 4750 perlis
365 4666 587 4728 minutissImis
612 4679 643 4726 et
667 4665 829 4746 lapidibus
853 4665 1047 4746 quibusdam
1074 4665 1105 4724 in
1131 4681 1239 4745 panno
1263 4663 1364 4723 rubeo
1389 4660 1506 4723 sericio

245 4787 440 4835 contextum.

349 4879 425 4941 Item
451 4898 550 4940 unum
576 4898 649 4938 cum
675 4878 803 4940 duobus
826 4877 975 4939 leonibus
998 4874 1225 4938 aurifrisatum.

348 4986 424 5046 Item
449 5004 550 5046 unum
575 4985 662 5045 aliud
688 5005 760 5046 curn
782 4985 926 5066 quinque
947 4983 1060 5043 avibus
1084 4981 1289 5064 aquillarum.

1377 5105 1395 5167 9
