3804 5798
974 1611 1012 1690 V.

368 1863 472 1938 Anno
508 1861 617 1938 1510.
648 1862 861 1962 Registrum
899 1885 1009 1961 super
1046 1861 1153 1937 rebus
1192 1859 1348 1936 ecclesie
1377 1859 1630 1958 zagrabiensis

368 1995 452 2076 etc,
479 1995 658 2085 tamquam
689 1986 734 2060 de
763 2009 857 2061 novo
887 1993 970 2059 sunt
998 1985 1186 2082 disposite,
1216 1991 1255 2058 et
1283 1983 1396 2058 eciam
1426 2005 1494 2081 que
1515 1981 1628 2057 conti-

372 2118 504 2186 nentur
538 2110 571 2183 in
610 2109 812 2184 inventario
850 2108 992 2208 prefate
1030 2108 1195 2200 ecclesie,
1233 2107 1418 2182 conversis
1446 2114 1568 2182 tamen
1596 2106 1629 2179 in

947 2253 1062 2305 nsum.

474 2478 551 2539 ltem
577 2478 682 2560 primo
707 2477 747 2540 de
783 2497 846 2538 una
879 2477 1001 2540 cortina
1037 2477 1099 2538 due
1132 2495 1248 2559 mappe
1280 2474 1361 2536 facte
1393 2489 1468 2536 sunt
1492 2475 1629 2536 duorum

367 2584 530 2664 altarium,
555 2584 705 2645 videlicet
728 2583 766 2644 ad
792 2603 862 2644 aras
886 2583 1034 2645 exteriori
1060 2595 1091 2643 et
1115 2581 1258 2642 interiori
1282 2581 1434 2643 sacristia.

473 2689 551 2751 ltem
577 2690 719 2751 secunda
744 2691 867 2752 cortina
885 2703 951 2750 erat
968 2688 1070 2750 divisa
1089 2689 1201 2750 intres
1226 2701 1341 2770 partes,
1366 2688 1453 2749 etde
1477 2686 1531 2750 illa
1549 2685 1630 2747 lacta

368 2809 415 2857 est
439 2815 553 2877 mappa
578 2815 630 2856 are
654 2809 761 2857 sancte
786 2796 910 2858 Crucis.

473 2901 551 2962 Item
578 2902 765 2964 barhamum
796 2903 918 2981 album,
951 2901 1097 2984 simplex,
1130 2917 1176 2963 est
1208 2901 1389 2982 expositum
1414 2900 1454 2962 sd
1479 2919 1628 2981 mappam

367 3025 420 3068 are
444 3021 551 3068 sancte
577 3007 689 3069 Crucis
713 3021 744 3070 et
768 3008 807 3069 ad
833 3008 1017 3090 manipulos
1041 3021 1071 3069 et
1095 3007 1215 3069 stollas.

474 3112 551 3174 ltem
575 3114 703 3195 tapheta
728 3115 800 3176 alba
825 3129 871 3176 est
895 3114 1037 3197 exposita
1069 3114 1109 3175 ad
1134 3126 1265 3176 ornatus
1297 3112 1511 3175 sacerdotales
1535 3110 1629 3172 etad

367 3239 494 3302 cappas.

473 3325 549 3386 ltem
574 3326 690 3388 sindon
716 3327 816 3388 eciam
841 3341 887 3388 est
912 3328 1092 3409 expositum
1116 3327 1156 3388 ad
1181 3347 1268 3388 aram
1293 3341 1401 3388 sancte
1426 3325 1550 3388 Crucis.

474 3433 552 3494 ltem
577 3432 742 3494 humerale
766 3453 845 3494 suro
870 3447 1001 3513 textum,
1032 3435 1281 3496 Annuncionem
1305 3433 1438 3514 virginis
1463 3433 1551 3492 inse
1575 3430 1628 3492 ha-

331 3619 335 3626 ·
369 3540 458 3616 bens,
482 3551 529 3599 est
560 3539 701 3620 positum
733 3538 772 3598 ad
805 3551 954 3600 ornatum
988 3540 1218 3600 sacerdotalem
1251 3539 1290 3600 de
1323 3541 1394 3600 alba
1432 3553 1462 3599 et
1486 3537 1629 3600 florizata

369 3647 506 3707 kamulra
531 3645 561 3706 in
587 3665 650 3726 qua
674 3658 722 3706 est
746 3664 820 3706 crux
838 3644 989 3707 deaurata
1006 3645 1128 3708 habens
1145 3647 1320 3727 imaginem
1339 3646 1513 3707 Salvatotis
1536 3663 1630 3706 oran·

368 3764 432 3812 tem
458 3751 490 3811 in
525 3765 633 3813 monte
667 3751 800 3830 Oliveti,
835 3766 865 3813 et
896 3752 978 3812 circa
1012 3751 1102 3813 illum
1135 3765 1285 3813 ornatum
1318 3751 1438 3829 omnia,
1463 3750 1630 3813 videlicet:

368 3857 452 3936 alba,
477 3857 671 3939 manipulus,
695 3857 776 3918 stola
800 3873 831 3918 et
855 3857 1001 3939 cingulus
1025 3871 1099 3920 sunt
1123 3857 1163 3918 de
1189 3877 1274 3919 novo
1299 3857 1462 3939 disposita.

475 3963 552 4024 ltem
577 3964 684 4025 casula
702 3964 742 4025 de
765 3964 868 4026 flaveo
885 3984 1026 4046 purpure
1052 3964 1234 4026 refformata
1251 3984 1322 4024 cum
1349 3964 1415 4024 suis
1438 3963 1630 4041 attinenciis,

369 4069 537 4131 videlicet:
562 4069 646 4148 alba,
679 4071 858 4153 manipulo,
889 4070 1000 4146 stolla;
1033 4072 1072 4133 de
1105 4091 1190 4132 novo
1223 4070 1342 4132 ibidem
1373 4083 1419 4131 est
1442 4069 1630 4152 impositum

369 4174 544 4254 humerale,
570 4177 601 4236 in
627 4195 692 4256 quo
716 4191 762 4237 est
786 4177 893 4257 imago
926 4176 1100 4237 Salvatoris
1132 4178 1164 4237 in
1189 4177 1280 4238 cuius
1311 4195 1409 4236 manu
1433 4175 1559 4237 sinistra
1584 4189 1631 4237 est

368 4301 513 4363 pomum,
537 4297 607 4343 eta
640 4282 766 4343 dextera
799 4284 907 4363 imago
931 4284 1031 4345 sancti
1065 4283 1148 4344 Petri
1173 4301 1245 4344 cum
1271 4282 1425 4360 clavibus,
1450 4301 1468 4343 a
1492 4281 1630 4342 sinistris

369 4388 476 4468 imago
500 4389 599 4450 sancti
625 4388 714 4450 Pauli
740 4407 811 4449 cum
835 4388 956 4469 gladio.

475 4494 551 4556 ltem
577 4508 709 4556 ornatus
733 4494 772 4555 de
798 4496 936 4556 kamulra
961 4494 1053 4557 flavei
1077 4515 1133 4557 seu
1150 4493 1294 4557 celestini
1320 4494 1450 4572 coloris,
1475 4493 1630 4574 florizata,

370 4602 402 4662 in
427 4602 519 4663 cuius
543 4622 635 4662 cruce
653 4615 699 4663 est
723 4602 830 4683 imago
849 4601 1023 4664 Salvatoris
1039 4622 1112 4664 cum
1131 4603 1275 4685 quinque
1293 4600 1499 4678 vulneribus;
1522 4601 1630 4663 reffor-

369 4721 473 4768 matus
497 4727 569 4769 cum
594 4708 745 4768 omnibus
769 4708 950 4769 attinenciis
973 4709 1012 4769 de
1037 4728 1133 4771 novo.

475 4813 552 4875 Item
572 4829 702 4874 ornatus
727 4815 766 4875 de
784 4834 923 4896 purpure
941 4817 1041 4875 rubeo
1066 4815 1097 4874 in
1116 4815 1206 4875 cuius
1223 4835 1315 4876 cruce
1333 4831 1379 4877 est
1393 4815 1501 4896 imago
1518 4814 1629 4876 Cruci-

369 4917 421 4978 fixi
446 4939 518 4980 cum
544 4921 615 4980 aliis
640 4919 835 4999 imaginibus
859 4920 898 4980 de
923 4919 1082 4999 passione,
1107 4933 1137 4980 et
1155 4920 1356 4983 refformstus
1381 4941 1454 4982 cum
1479 4923 1631 4983 omnibus

371 5024 442 5085 aliis
466 5025 646 5086 attinenciis
671 5026 709 5084 de
735 5045 831 5086 novo.
