3810 5806
775 593 861 649 Anno
885 603 974 669 1514.
1464 615 1504 675 99

238 802 315 861 silve
343 803 545 878 utilitatibus,
570 803 681 863 usibus
705 817 735 862 et
759 803 966 884 pertinenciis
983 803 1139 865 universis
1156 805 1293 885 provido
1311 819 1341 865 ct
1369 804 1505 866 honesto

239 908 307 968 viro
333 907 476 990 Georgio
493 909 644 989 selliparo
661 929 697 969 ac
725 927 781 990 per
794 928 868 970 eum
897 909 962 970 suis
987 909 1159 970 heredibus
1188 930 1246 993 pro
1273 910 1341 972 llor.
1367 925 1505 992 quatuor

238 1013 371 1074 liberam
398 1017 519 1096 absque
546 1015 635 1074 omni
661 1033 757 1075 censu
783 1029 892 1076 nostro
917 1015 1093 1094 communi,
1117 1015 1186 1096 jure
1211 1029 1367 1099 perpetuo
1393 1017 1504 1078 vendi·

238 1119 344 1180 dimus
368 1134 399 1182 et
423 1121 643 1202 inscripsimus
667 1121 896 1202 possidendam
922 1134 952 1183 et
980 1120 1173 1183 habendam.

345 1225 443 1300 Quod
467 1246 526 1288 nos
550 1226 713 1308 quandam
739 1227 867 1289 vineam
891 1242 1032 1289 nostram
1052 1247 1260 1291 communem
1284 1229 1316 1290 in
1341 1230 1503 1292 territorio

238 1346 347 1393 nostro
371 1353 427 1394 seu
460 1333 598 1394 civitatis
631 1331 762 1414 prefate,
796 1334 828 1395 in
860 1333 1056 1396 Werhowcz
1092 1335 1244 1413 habitam,
1270 1335 1352 1398 inter
1376 1337 1502 1398 vineam

238 1439 363 1520 providi
397 1439 457 1500 viri
493 1439 611 1522 Myhelr
643 1441 831 1522 nuncupati,
863 1441 1010 1503 similiter
1042 1441 1081 1502 de
1113 1441 1224 1504 eadem
1259 1441 1503 1522 Werhowcz,a

238 1559 326 1626 parte
349 1547 615 1628 septemtrionali,
640 1567 657 1606 a
682 1560 771 1628 parte
796 1565 872 1608 vero
905 1547 1110 1608 meridionali
1146 1549 1228 1608 inter
1251 1548 1379 1612 vineam
1404 1550 1504 1630 probe

238 1652 382 1712 mulieris
408 1653 582 1714 Katherine
607 1652 715 1713 relicte
742 1651 880 1714 condam
908 1653 1003 1714 Blasii
1034 1653 1185 1734 agricole,
1211 1665 1241 1714 et
1266 1673 1283 1714 a
1308 1668 1395 1734 parte
1420 1655 1503 1716 occi-

237 1757 356 1819 dentali
383 1759 432 1819 via
457 1759 640 1819 communis
664 1779 720 1820 seu
738 1759 867 1840 publica
892 1773 923 1821 et
940 1757 1021 1820 infra
1040 1778 1142 1840 usque
1167 1758 1302 1820 fluvium
1329 1779 1414 1841 aque
1432 1761 1499 1842 plu-

238 1865 328 1925 vialis
352 1885 461 1925 versus
486 1879 607 1947 partem
634 1864 824 1926 orientalem
849 1885 881 1925 se
911 1865 1152 1943 extendentem,
1176 1865 1339 1927 mediante
1363 1866 1502 1947 quadam

238 1971 288 2030 via
310 1971 449 2031 curruali
473 1970 550 2052 ipsis
574 1971 696 2032 scilicet
721 1971 958 2032 circumvicinis
984 1971 1185 2032 deserviente
1210 1985 1241 2034 et
1264 1971 1424 2053 pertinere
1448 1973 1502 2034 de·

239 2079 342 2155 bente,
369 2077 509 2139 habitam
535 2091 566 2138 et
590 2078 790 2155 existentem,
822 2078 918 2139 simul
950 2097 1022 2138 cum
1055 2078 1208 2139 omnibus
1240 2079 1385 2140 eiusdem
1410 2079 1502 2141 vinee

239 2184 440 2262 utilitatibus,
454 2185 574 2262 usibus,
588 2185 824 2266 integritatibus
841 2197 871 2246 et
888 2185 1094 2267 pertinenciis
1112 2186 1269 2246 universis
1282 2186 1420 2267 provido
1434 2187 1502 2248 viro

239 2291 346 2351 Blasio
370 2291 510 2371 agricole
536 2291 693 2373 Kwthych
712 2305 910 2373 nuncupatO,
928 2306 962 2352 ut
987 2292 1051 2352 iam
1071 2311 1157 2352 novo
1182 2291 1388 2354 inhabitatori
1412 2295 1502 2354 terri·

237 2399 308 2459 torii
334 2399 471 2460 civitatis
496 2413 612 2476 nostre,
638 2398 677 2458 de
703 2397 824 2479 prelata
851 2397 1057 2477 Werhowcz,
1082 2419 1117 2460 ac
1143 2419 1199 2480 per
1223 2419 1298 2460 eum
1323 2399 1388 2460 suis
1412 2399 1501 2461 here·

239 2506 332 2565 dibus
357 2524 415 2586 pro
440 2504 508 2568 flor.
534 2521 673 2586 quatuor
697 2519 728 2567 et
750 2505 864 2566 solidis
892 2507 1004 2586 viginti
1039 2507 1184 2587 quinque
1217 2507 1351 2568 liberam
1378 2509 1498 2589 absque

238 2612 326 2671 omni
352 2630 448 2672 censu
474 2626 583 2673 nostro
608 2611 786 2688 communi,
811 2611 878 2692 jure
907 2627 1063 2694 perpetuo
1098 2612 1217 2673 eisdem
1242 2613 1448 2675 vendidimus
1472 2627 1503 2676 et

239 2717 459 2798 inscripsimus
483 2717 712 2800 possidendam
737 2719 857 2800 pariter
881 2729 912 2778 et
936 2717 1130 2780 habendam.

345 2823 442 2897 Quod
467 2843 526 2885 nos
557 2823 720 2905 quandam
753 2825 866 2884 silvam
901 2839 1043 2886 nostram
1075 2844 1281 2886 communem
1307 2825 1403 2886 simul
1428 2845 1499 2886 cum

238 2927 326 2990 senili
353 2929 458 2990 eidem
490 2931 668 2991 subiacenti
701 2929 982 3013 Goranschyczam
1016 2944 1245 3012 nuncupatam,
1276 2931 1307 2992 in
1340 2931 1501 2992 territorio

239 3049 347 3095 nostro
372 3054 428 3096 seu
451 3037 587 3097 civitatis
611 3034 744 3118 prefate,
777 3038 858 3098 inter
883 3038 962 3098 alias
996 3038 1091 3098 silvas
1124 3051 1247 3099 nostras
1271 3056 1501 3100 communesa

238 3155 325 3222 parte
359 3142 611 3222 septemtrionali
643 3143 735 3204 certis
759 3143 927 3204 arboribus
961 3145 1104 3205 metatim
1138 3144 1318 3205 distinctam
1353 3144 1501 3206 videlicet

238 3262 460 3309 castanearum
497 3262 528 3310 et
562 3249 658 3310 unius
694 3250 823 3332 populi,
855 3251 1001 3310 crucibus
1040 3250 1191 3331 signatis,
1224 3249 1328 3332 primo
1365 3250 1501 3332 desuper

238 3375 254 3414 a
279 3355 421 3434 quadam
446 3355 507 3415 alia
533 3375 628 3436 parva
652 3356 732 3416 silva
757 3355 862 3417 eidem
887 3356 1058 3434 adiacenti,
1083 3356 1210 3437 providi
1235 3371 1265 3419 et
1289 3355 1414 3418 honesti
1439 3357 1499 3417 viri

239 3459 371 3541 Georgii
398 3459 554 3522 carnificis
577 3462 713 3524 senioris
737 3463 831 3544 jurati
857 3477 887 3524 et
919 3463 1060 3524 concivis
1084 3463 1195 3541 nostri,
1220 3462 1426 3544 procedendo
1452 3463 1499 3524 di·

238 3582 321 3627 recte
348 3565 429 3627 infra
454 3587 509 3649 pcr
534 3568 692 3650 predictas
716 3570 845 3629 arbores
863 3583 1081 3630 castanearum
1104 3583 1134 3630 et
1158 3569 1271 3650 popoli
1295 3569 1440 3651 pervenit
1465 3569 1496 3630 in

238 3673 403 3754 quoddam
427 3693 578 3754 magnum
603 3674 743 3756 lapidem
762 3695 820 3756 pro
845 3689 927 3736 meta
946 3675 1086 3736 locatum
1112 3675 1143 3735 in
1161 3673 1223 3736 fine
1249 3675 1391 3736 eiusdem
1410 3674 1499 3752 silve,

238 3779 356 3840 deinde
382 3779 526 3861 pervenit
550 3781 669 3842 directe
702 3781 732 3842 in
769 3780 901 3842 fluvium
937 3781 1188 3864 Medwednycza
1220 3796 1367 3844 vocaturn
1392 3801 1500 3842 versus

238 3899 360 3967 partem
386 3885 587 3966 orientalem,
612 3887 728 3948 deinde
754 3888 855 3948 eciam
881 3889 1027 3968 procedit
1055 3889 1173 3950 directe
1198 3908 1253 3969 per
1278 3887 1417 3949 eundem
1442 3887 1499 3949 flu-

238 3993 325 4053 vium
351 4012 462 4054 versus
487 4007 609 4074 partem
635 3994 880 4056 meridionalem
899 3994 1100 4076 pervenitad
1126 3995 1221 4055 aliarn
1247 3994 1358 4054 silvam
1385 3992 1499 4075 prelati

239 4097 373 4179 Georgii
398 4098 564 4178 carnificis,
590 4102 629 4160 ab
655 4101 722 4182 ipsa
740 4115 828 4182 parte
846 4101 1063 4178 meridionali,
1082 4101 1195 4161 exinde
1214 4100 1358 4182 procedit
1374 4119 1498 4160 sursum

239 4224 348 4266 versus
381 4219 502 4285 partem
536 4206 769 4268 occidentalem
802 4226 859 4288 per
892 4222 1008 4268 metam
1042 4201 1207 4268 cuiusdam
1242 4207 1334 4266 vinee
1367 4206 1499 4287 predicti

240 4309 372 4391 Georgii
399 4309 564 4390 carnificis,
589 4313 706 4374 abhinc
730 4315 876 4395 pervenit
900 4314 931 4374 in
965 4311 1119 4374 fossatum
1145 4313 1311 4374 cuiusdam
1337 4312 1398 4373 alie
1421 4312 1500 4373 silve

240 4417 365 4498 providi
401 4417 459 4478 viri
492 4417 653 4480 Valentini
686 4419 860 4504 Wodopye
894 4421 998 4482 incole
1032 4433 1062 4481 et
1094 4419 1316 4480 inhabitatoris
1351 4419 1500 4479 territorii

240 4525 377 4584 civitatis
409 4538 527 4602 nostre,
565 4525 681 4586 deinde
714 4527 860 4608 pervenit
888 4527 920 4586 in
953 4539 1071 4587 metam
1105 4525 1278 4607 prescripta
1303 4544 1398 4606 parve
1422 4524 1500 4585 silve

240 4629 301 4690 iam
326 4629 382 4691 fati
409 4629 541 4712 Georgii
568 4631 734 4710 carnificis,
759 4647 793 4694 ut
825 4631 994 4714 prefertur,
1016 4633 1059 4694 ibi
1093 4645 1176 4694 mete
1200 4631 1421 4707 terminantur,
1446 4630 1500 4691 ha·

240 4738 338 4798 hiram
361 4751 392 4798 et
416 4739 617 4817 existentem,
641 4739 737 4800 simul
762 4759 833 4800 curn
861 4740 1012 4800 omnibus
1037 4739 1180 4799 eiusdem
1207 4739 1285 4798 silve
1311 4757 1438 4798 necnon
1455 4735 1500 4797 le·

241 4843 313 4904 nilis
337 4843 442 4904 eidem
467 4845 661 4906 subiacentis
689 4845 890 4924 utilitatibus,
924 4845 1034 4906 usibus
1058 4859 1089 4906 et
1113 4844 1318 4926 pertinenciis
1343 4843 1500 4904 universis

240 4949 375 5030 provido
400 4964 431 5010 et
448 4950 582 5011 honesto
607 4951 675 5012 viro
694 4950 836 5031 Georgio
853 4951 992 5012 carnifici
1005 4971 1046 5012 -ac
1071 4971 1210 5031 pereum
1238 4951 1303 5011 suis
1328 4949 1499 5010 heredibus

242 5069 403 5138 tamquam
438 5057 545 5118 vicino
578 5057 802 5140 propinquiori
836 5072 865 5118 et
898 5059 999 5138 magis
1032 5058 1214 5119 voluntario
1248 5075 1305 5138 pro
1334 5054 1403 5118 flor.
1428 5069 1501 5115 octo
