3810 5806
407 575 466 618 roo
935 563 1129 638 Anno1514.

400 771 468 832 auri
494 771 629 831 liberam
661 772 782 851 absque
814 771 903 832 omni
937 791 1033 832 censu
1066 787 1175 833 nostro
1208 775 1374 835 communi
1411 774 1478 856 jure
1511 791 1666 858 perpetuo

400 877 505 939 eidem
532 877 738 938 vendidimus
755 891 785 938 et
802 877 1023 959 inscripsimus
1039 879 1267 960 possidendam
1287 881 1405 963 pariter
1418 895 1449 942 et
1472 881 1666 945 habendam.

506 983 604 1058 Quod
630 1003 689 1046 nos
714 983 879 1065 quoddam
905 982 1042 1046 fundum
1075 999 1220 1046 nostrum
1246 1005 1466 1064 communem,
1490 987 1666 1066 desertum,

398 1090 591 1172 penitusque
616 1090 816 1170 destitutum,
840 1091 872 1152 in
895 1089 1018 1172 prelata
1043 1092 1174 1153 civitate
1193 1091 1352 1171 habitum,
1377 1093 1460 1156 inter
1483 1094 1617 1156 domum
1635 1109 1666 1156 et

397 1196 544 1259 hedificia
569 1197 711 1259 virorum
737 1198 950 1280 providorum
969 1198 1040 1261 Elie
1065 1198 1105 1260 de
1123 1199 1316 1281 Cirquische
1333 1212 1364 1261 et
1380 1220 1438 1283 per
1463 1221 1666 1283 consequens

399 1304 567 1366 Laurencii
593 1303 863 1387 Lachnowychyn
888 1304 976 1384 dicti,
1000 1305 1184 1367 concivium
1215 1319 1410 1384 nostrorum,
1435 1328 1452 1368 a
1477 1321 1566 1389 parte
1592 1327 1664 1390 sep-

396 1410 604 1489 temtrionali,
628 1431 646 1472 a
669 1423 758 1493 parte
783 1410 987 1472 meridionali
1013 1411 1094 1474 iuter
1118 1413 1252 1474 domum
1285 1413 1387 1475 Eleue
1411 1413 1555 1475 mulieris
1579 1414 1658 1474 Vos-

399 1515 544 1598 chychna
568 1530 761 1599 nuncupate,
786 1537 803 1578 a
827 1533 916 1599 parte
941 1537 1017 1579 vero
1042 1518 1192 1580 orientali
1209 1518 1314 1600 platea
1332 1539 1388 1580 seu
1408 1520 1455 1580 via
1474 1520 1657 1580 communis

399 1635 430 1683 et
461 1623 501 1684 ab
533 1623 725 1685 occidentali
757 1642 859 1704 usque
890 1643 1019 1685 murum
1061 1625 1197 1686 civitatis
1229 1645 1260 1686 se
1295 1625 1487 1704 extendens,
1519 1624 1660 1686 habitam

397 1743 428 1790 et
445 1728 645 1808 existentem,
662 1729 757 1790 simul
782 1749 854 1790 cum
872 1730 1024 1791 omnibus
1041 1730 1184 1792 eiusdem
1204 1729 1295 1792 lundi
1319 1731 1435 1792 deserti
1457 1731 1660 1810 utilitatibus,

396 1835 506 1896 usibus
530 1849 561 1896 et
584 1835 791 1918 pertinenciis
807 1835 964 1898 universis
988 1835 1125 1919 provido
1145 1837 1211 1898 viro
1237 1837 1344 1898 lwano
1367 1836 1509 1918 agricole
1535 1850 1568 1898 ut
1593 1837 1657 1898 iam

395 1962 482 2004 novo
506 1943 630 2003 concivi
656 1957 766 2005 nostro
791 1962 826 2004 ac
851 1963 907 2025 per
931 1963 1004 2004 eum
1030 1944 1096 2005 suis
1127 1941 1301 2006 heredibus
1325 1963 1383 2026 pro
1407 1945 1576 2005 ereccione
1601 1963 1660 2005 no·

394 2069 505 2110 varum
523 2048 680 2110 domuum
698 2049 856 2127 dedimus,
882 2049 1074 2111 donavimus
1091 2063 1123 2112 et
1139 2050 1384 2132 propinavimus
1408 2049 1477 2129 jure
1501 2063 1658 2132 perpetuo

394 2171 425 2218 et
449 2157 701 2218 irrevocabiliter
725 2155 913 2234 tenendum,
938 2155 1169 2237 possidendum
1195 2157 1313 2238 pariter
1337 2171 1368 2218 et
1392 2156 1590 2219 habendum.

499 2263 576 2324 ltem
601 2263 690 2344 quod
714 2264 790 2345 quia
815 2263 968 2344 providus
993 2263 1040 2324 vir
1059 2263 1216 2324 Martinus
1239 2275 1351 2341 sartor,
1377 2263 1520 2324 concivis
1537 2277 1657 2338 noster,

392 2389 490 2450 gener
514 2389 590 2430 vero
615 2369 753 2430 condam
772 2368 927 2430 Anthonii
946 2369 1092 2431 similiter
1112 2369 1240 2430 sartoris
1258 2368 1353 2430 Desel
1370 2369 1604 2449 cognominati,
1624 2383 1659 2430 ut

392 2476 460 2557 ipse
474 2475 637 2556 quandam
655 2476 783 2536 vineam
797 2495 898 2554 suam,
916 2475 1003 2556 prius
1021 2475 1214 2554 censualem,
1233 2476 1264 2536 in
1289 2475 1451 2536 territorio
1469 2490 1579 2535 nostro
1596 2494 1655 2536 seu

392 2582 529 2643 civitatis
553 2579 673 2663 prefate
699 2583 780 2643 inter
804 2581 900 2642 aliam
927 2581 1053 2642 vineam
1072 2580 1227 2642 heredum
1253 2600 1308 2642 seu
1333 2599 1554 2642 successorum
1580 2599 1657 2641 con·

393 2689 467 2749 darn
494 2689 623 2750 Andree
648 2688 839 2750 Herstwnelr
865 2687 940 2748 dicti
965 2687 1112 2749 similiter
1136 2687 1279 2749 concivis
1302 2687 1413 2764 nostri,
1438 2707 1454 2748 a
1480 2702 1569 2768 parte
1587 2707 1656 2769 sep-

392 2795 601 2870 temtrionali,
626 2809 656 2855 et
680 2795 828 2856 orientali
853 2808 942 2877 parte
966 2795 1017 2854 via
1049 2795 1242 2873 communis,
1274 2795 1350 2876 ipsis
1374 2794 1495 2855 scilicet
1520 2793 1655 2854 circum-

391 2901 506 2962 vicinis
531 2901 691 2962 deservire
717 2915 747 2962 et
769 2901 929 2982 pertinere
954 2899 1085 2979 debens,
1119 2900 1233 2961 exinde
1257 2899 1403 2982 procedit
1428 2897 1509 2960 infra
1534 2899 1653 2960 directe

390 3007 536 3089 pervenit
561 3007 592 3067 in
618 3006 782 3087 quoddam
808 3007 955 3068 arborem
980 3007 1090 3085 cerasi,
1115 3007 1231 3068 abhinc
1255 3006 1400 3088 procedit
1428 3005 1510 3066 inlra
1535 3006 1655 3067 directe

391 3114 431 3174 ad
455 3113 572 3175 vallem
598 3132 654 3173 seu
678 3114 849 3174 decursum
867 3133 948 3195 aque
966 3113 1118 3194 pluvialis
1142 3132 1251 3174 versus
1269 3125 1389 3194 partem
1408 3113 1654 3190 occidentalem,

390 3240 407 3280 a
432 3233 521 3301 parte
545 3239 621 3280 vero
646 3219 851 3281 meridionali
877 3239 976 3300 penes
1000 3220 1164 3300 quandam
1180 3235 1309 3280 -terram
1335 3219 1494 3280 desertam
1519 3237 1575 3279 seu
1600 3237 1652 3279 ru·

391 3328 500 3388 betum
526 3324 693 3408 prudentis
710 3338 741 3387 et
758 3325 980 3407 circumspecti
995 3326 1054 3386 viri
1073 3327 1212 3387 Emerici
1229 3326 1356 3404 literati,
1381 3325 1516 3386 senioris
1540 3324 1654 3406 judicis

390 3447 421 3494 et
445 3433 587 3494 concivis
612 3432 722 3509 nostri,
747 3431 889 3494 habitam
914 3446 945 3492 et
975 3433 1173 3511 existentem,
1206 3432 1246 3492 de
1270 3451 1333 3512 qua
1366 3431 1460 3493 nobis
1484 3432 1652 3512 provenie-

390 3541 466 3600 bant
475 3539 610 3619 singulis
623 3540 715 3600 annis
726 3539 927 3600 wiennenses
936 3539 1049 3620 viginti
1063 3539 1103 3600 ad
1114 3539 1301 3600 comitatum
1315 3553 1470 3612 nostrum,
1485 3557 1567 3619 quos
1590 3557 1649 3599 nos

389 3646 493 3707 eidem
521 3647 660 3707 Martino
685 3665 743 3726 pro
769 3665 833 3706 uno
850 3644 919 3706 flor.
938 3659 968 3707 et
984 3644 1096 3706 solidis
1112 3645 1225 3726 viginti
1244 3659 1365 3727 septem
1390 3645 1430 3706 ad
1455 3645 1650 3726 peticionem

389 3773 477 3814 suam
503 3767 534 3814 et
558 3753 715 3814 universis
738 3752 976 3834 possessoribus
1000 3751 1144 3813 eiusdem
1162 3751 1254 3812 vinee
1280 3751 1494 3812 relaxavimus
1518 3766 1548 3812 et
1572 3750 1653 3811 deli·

391 3858 586 3918 bertavimus
599 3857 668 3938 jure
692 3871 859 3940 perpetuo,
877 3857 973 3918 simul
990 3877 1064 3918 cum
1082 3858 1234 3919 omnibus
1251 3856 1394 3918 eiusdem
1412 3857 1506 3918 vinee
1524 3876 1650 3918 necnon

389 3963 519 4044 virgulti
545 3963 838 4024 eidemsubiacenti
857 3963 1059 4042 utilitatibus,
1077 3963 1188 4024 usibus
1216 3976 1247 4024 et
1263 3963 1469 4045 pertinenciis
1494 3963 1652 4024 universis

390 4070 572 4131 honorabili
599 4083 629 4130 et
653 4069 791 4132 discreto
816 4070 950 4130 domino
976 4070 1096 4132 Jacobo
1114 4071 1229 4132 rectori
1254 4089 1306 4131 are
1324 4069 1496 4130 duodecim
1521 4084 1650 4151 aposto·

389 4177 495 4237 lorum
521 4176 552 4236 in
578 4176 713 4237 ecclesia
737 4189 844 4238 nostra
881 4175 1056 4256 parochiali
1089 4177 1190 4239 sancti
1216 4176 1314 4238 Marci
1347 4175 1552 4256 ewangeliste
1577 4195 1653 4237 con-

388 4297 504 4344 structe
529 4297 559 4344 et
582 4281 715 4344 fundate
749 4303 807 4364 pro
843 4303 896 4343 sex
932 4303 1004 4343 curn
1039 4283 1149 4344 medio
1186 4281 1255 4345 flor.
1281 4282 1427 4343 vendidit
1460 4297 1491 4343 et
1514 4283 1653 4344 contulit

389 4408 495 4451 coram
521 4389 614 4450 nobis
631 4389 698 4470 jure
716 4403 872 4471 perpetuo
897 4403 927 4451 et
945 4389 1196 4451 irrevocabiliter
1212 4388 1397 4468 tenendam,
1421 4388 1653 4470 possidendam

388 4496 507 4578 pariter
531 4510 562 4557 et
586 4495 779 4574 habendam,
805 4516 840 4556 ac
876 4496 961 4557 iuxta
994 4495 1219 4557 condicionem
1253 4494 1390 4557 civitatis
1421 4509 1588 4576 prenotate
1612 4497 1653 4557 ab

388 4605 523 4684 antiquo
546 4602 790 4685 privilegialiter
813 4604 1024 4684 approbatam
1043 4602 1351 4683 quomodocumque
1380 4602 1520 4663 voluerit
1543 4602 1650 4683 dispo-

389 4711 540 4772 nendam.
