<?xml version="1.0" encoding="UTF-8"?>
<!DOCTYPE html PUBLIC "-//W3C//DTD XHTML 1.0 Transitional//EN"
    "http://www.w3.org/TR/xhtml1/DTD/xhtml1-transitional.dtd">
<html xmlns="http://www.w3.org/1999/xhtml" xml:lang="en" lang="en">
 <head>
  <title>
</title>
<meta http-equiv="Content-Type" content="text/html;charset=utf-8" />
  <meta name='ocr-system' content='tesseract 3.04.00' />
  <meta name='ocr-capabilities' content='ocr_page ocr_carea ocr_par ocr_line ocrx_word'/>
</head>
<body>
  <div class='ocr_page' id='page_1' title='image "./monumentahistor19laszgoog_0165.png"; bbox 0 0 3810 5806; ppageno 0'>
   <div class='ocr_carea' id='block_1_1' title="bbox 603 1587 1131 1706">
    <p class='ocr_par' dir='ltr' id='par_1_1' title="bbox 603 1587 1131 1706">
     <span class='ocr_line' id='line_1_1' title="bbox 603 1587 1131 1706; baseline -0.004 -28"><span class='ocrx_word' id='word_1_1' title='bbox 603 1590 733 1706; x_wconf 82' lang='lat' dir='ltr'><strong>(Anno</strong></span> <span class='ocrx_word' id='word_1_2' title='bbox 760 1589 917 1678; x_wconf 85' lang='lat' dir='ltr'><strong>Domini</strong></span> <span class='ocrx_word' id='word_1_3' title='bbox 944 1587 1131 1688; x_wconf 87' lang='lat' dir='ltr'><strong>MDXXI.)</strong></span> 
     </span>
    </p>
   </div>
   <div class='ocr_carea' id='block_1_2' title="bbox 244 1909 1512 2484">
    <p class='ocr_par' dir='ltr' id='par_1_2' title="bbox 244 1909 1509 2012">
     <span class='ocr_line' id='line_1_2' title="bbox 244 1909 1509 2012; baseline -0.002 -23"><span class='ocrx_word' id='word_1_4' title='bbox 244 1913 334 1989; x_wconf 86' lang='lat' dir='ltr'><strong>Item</strong></span> <span class='ocrx_word' id='word_1_5' title='bbox 374 1914 409 1987; x_wconf 95' lang='lat' dir='ltr'><strong>in</strong></span> <span class='ocrx_word' id='word_1_6' title='bbox 448 1937 541 1988; x_wconf 89' lang='lat' dir='ltr'><strong>anno</strong></span> <span class='ocrx_word' id='word_1_7' title='bbox 580 1911 723 1988; x_wconf 86' lang='lat' dir='ltr'>Domini</span> <span class='ocrx_word' id='word_1_8' title='bbox 769 1910 958 1986; x_wconf 89' lang='lat' dir='ltr'><strong>millesimo</strong></span> <span class='ocrx_word' id='word_1_9' title='bbox 1001 1909 1290 2012; x_wconf 88' lang='lat' dir='ltr'><strong>quingentesimo</strong></span> <span class='ocrx_word' id='word_1_10' title='bbox 1331 1911 1509 2010; x_wconf 87' lang='lat' dir='ltr'><strong>vigesimo</strong></span> 
     </span>
    </p>

    <p class='ocr_par' dir='ltr' id='par_1_3' title="bbox 245 2019 1509 2138">
     <span class='ocr_line' id='line_1_3' title="bbox 245 2019 1509 2138; baseline -0.003 -25"><span class='ocrx_word' id='word_1_11' title='bbox 245 2039 371 2138; x_wconf 88' lang='lat' dir='ltr'><strong>primo,</strong></span> <span class='ocrx_word' id='word_1_12' title='bbox 409 2047 574 2137; x_wconf 89' lang='lat' dir='ltr'><strong>tempore</strong></span> <span class='ocrx_word' id='word_1_13' title='bbox 603 2019 771 2111; x_wconf 88' lang='lat' dir='ltr'><strong>videlicet</strong></span> <span class='ocrx_word' id='word_1_14' title='bbox 794 2035 975 2134; x_wconf 88' lang='lat' dir='ltr'><strong>judicatus</strong></span> <span class='ocrx_word' id='word_1_15' title='bbox 1015 2036 1116 2134; x_wconf 90' lang='lat' dir='ltr'><strong>primi</strong></span> <span class='ocrx_word' id='word_1_16' title='bbox 1148 2033 1322 2134; x_wconf 81' lang='lat' dir='ltr'>Stephani</span> <span class='ocrx_word' id='word_1_17' title='bbox 1358 2033 1418 2110; x_wconf 93' lang='lat' dir='ltr'><strong>filii</strong></span> <span class='ocrx_word' id='word_1_18' title='bbox 1447 2034 1509 2109; x_wconf 84' lang='lat' dir='ltr'><strong>Mi-</strong></span> 
     </span>
    </p>

    <p class='ocr_par' dir='ltr' id='par_1_4' title="bbox 246 2159 1508 2259">
     <span class='ocr_line' id='line_1_4' title="bbox 246 2159 1508 2259; baseline -0.004 -22"><span class='ocrx_word' id='word_1_19' title='bbox 246 2161 390 2253; x_wconf 88' lang='lat' dir='ltr'><strong>chaelis,</strong></span> <span class='ocrx_word' id='word_1_20' title='bbox 414 2161 542 2259; x_wconf 87' lang='lat' dir='ltr'><strong>judicis</strong></span> <span class='ocrx_word' id='word_1_21' title='bbox 571 2161 686 2236; x_wconf 84' lang='lat' dir='ltr'>nostri</span> <span class='ocrx_word' id='word_1_22' title='bbox 716 2159 888 2251; x_wconf 89' lang='lat' dir='ltr'><strong>moderni,</strong></span> <span class='ocrx_word' id='word_1_23' title='bbox 917 2182 1067 2258; x_wconf 84' lang='lat' dir='ltr'><strong>presens</strong></span> <span class='ocrx_word' id='word_1_24' title='bbox 1088 2159 1298 2234; x_wconf 85' lang='lat' dir='ltr'><strong>kathernum</strong></span> <span class='ocrx_word' id='word_1_25' title='bbox 1328 2169 1386 2234; x_wconf 89' lang='lat' dir='ltr'><strong>est</strong></span> <span class='ocrx_word' id='word_1_26' title='bbox 1425 2182 1508 2233; x_wconf 94' lang='lat' dir='ltr'><strong>con·</strong></span> 
     </span>
    </p>

    <p class='ocr_par' dir='ltr' id='par_1_5' title="bbox 246 2282 1512 2484">
     <span class='ocr_line' id='line_1_5' title="bbox 246 2282 1512 2385; baseline -0.003 -24"><span class='ocrx_word' id='word_1_27' title='bbox 246 2287 418 2385; x_wconf 87' lang='lat' dir='ltr'><strong>scripturn</strong></span> <span class='ocrx_word' id='word_1_28' title='bbox 448 2285 623 2373; x_wconf 89' lang='lat' dir='ltr'><strong>modoet</strong></span> <span class='ocrx_word' id='word_1_29' title='bbox 662 2284 786 2360; x_wconf 88' lang='lat' dir='ltr'><strong>ordine</strong></span> <span class='ocrx_word' id='word_1_30' title='bbox 814 2292 924 2384; x_wconf 89' lang='lat' dir='ltr'><strong>prout</strong></span> <span class='ocrx_word' id='word_1_31' title='bbox 960 2291 1073 2383; x_wconf 87' lang='lat' dir='ltr'><strong>patet,</strong></span> <span class='ocrx_word' id='word_1_32' title='bbox 1111 2282 1202 2358; x_wconf 87' lang='lat' dir='ltr'><strong>feria</strong></span> <span class='ocrx_word' id='word_1_33' title='bbox 1239 2283 1398 2358; x_wconf 88' lang='lat' dir='ltr'><strong>secunda</strong></span> <span class='ocrx_word' id='word_1_34' title='bbox 1425 2289 1512 2382; x_wconf 88' lang='lat' dir='ltr'><strong>post</strong></span> 
     </span>
     <span class='ocr_line' id='line_1_6' title="bbox 605 2407 1144 2484; baseline -0.006 -2"><span class='ocrx_word' id='word_1_35' title='bbox 605 2409 737 2484; x_wconf 82' lang='lat' dir='ltr'><strong>festum</strong></span> <span class='ocrx_word' id='word_1_36' title='bbox 766 2407 947 2483; x_wconf 86' lang='lat' dir='ltr'><strong>Valentini</strong></span> <span class='ocrx_word' id='word_1_37' title='bbox 977 2408 1144 2483; x_wconf 81' lang='lat' dir='ltr'><strong>martiris</strong></span> 
     </span>
    </p>
   </div>
   <div class='ocr_carea' id='block_1_3' title="bbox 758 2653 1014 2731">
    <p class='ocr_par' dir='ltr' id='par_1_6' title="bbox 758 2653 1014 2731">
     <span class='ocr_line' id='line_1_7' title="bbox 758 2653 1014 2731; baseline 0.016 -19"><span class='ocrx_word' id='word_1_38' title='bbox 758 2653 820 2730; x_wconf 81' lang='lat'><em>(18.</em></span> <span class='ocrx_word' id='word_1_39' title='bbox 838 2655 1014 2731; x_wconf 81' lang='lat' dir='ltr'><strong>februarii).</strong></span> 
     </span>
    </p>
   </div>
   <div class='ocr_carea' id='block_1_4' title="bbox 354 2795 1510 2880">
    <p class='ocr_par' dir='ltr' id='par_1_7' title="bbox 354 2795 1510 2880">
     <span class='ocr_line' id='line_1_8' title="bbox 354 2795 1510 2880; baseline -0.003 -20"><span class='ocrx_word' id='word_1_40' title='bbox 354 2799 452 2873; x_wconf 90' lang='lat' dir='ltr'><strong>Quod</strong></span> <span class='ocrx_word' id='word_1_41' title='bbox 470 2817 541 2860; x_wconf 90' lang='lat' dir='ltr'><strong>curn</strong></span> <span class='ocrx_word' id='word_1_42' title='bbox 568 2797 635 2880; x_wconf 89' lang='lat' dir='ltr'><strong>ipsa</strong></span> <span class='ocrx_word' id='word_1_43' title='bbox 653 2799 867 2860; x_wconf 86' lang='lat' dir='ltr'><strong>communitas</strong></span> <span class='ocrx_word' id='word_1_44' title='bbox 891 2817 950 2879; x_wconf 92' lang='lat' dir='ltr'><strong>pro</strong></span> <span class='ocrx_word' id='word_1_45' title='bbox 975 2796 1184 2878; x_wconf 86' lang='lat' dir='ltr'><strong>expediendis</strong></span> <span class='ocrx_word' id='word_1_46' title='bbox 1201 2797 1296 2858; x_wconf 89' lang='lat' dir='ltr'><strong>certis</strong></span> <span class='ocrx_word' id='word_1_47' title='bbox 1313 2795 1456 2877; x_wconf 75' lang='lat' dir='ltr'><strong>negociis</strong></span> <span class='ocrx_word' id='word_1_48' title='bbox 1480 2795 1510 2856; x_wconf 91' lang='lat' dir='ltr'><strong>in</strong></span> 
     </span>
    </p>
   </div>
   <div class='ocr_carea' id='block_1_5' title="bbox 249 2899 1585 4262">
    <p class='ocr_par' dir='ltr' id='par_1_8' title="bbox 249 2899 1585 4262">
     <span class='ocr_line' id='line_1_9' title="bbox 249 2899 1585 2984; baseline -0.004 -18"><span class='ocrx_word' id='word_1_49' title='bbox 249 2905 440 2967; x_wconf 89' lang='lat' dir='ltr'><strong>consistorio</strong></span> <span class='ocrx_word' id='word_1_50' title='bbox 466 2904 681 2982; x_wconf 82' lang='lat' dir='ltr'><strong>consedisset,</strong></span> <span class='ocrx_word' id='word_1_51' title='bbox 713 2915 791 2965; x_wconf 91' lang='lat' dir='ltr'><strong>tunc</strong></span> <span class='ocrx_word' id='word_1_52' title='bbox 821 2903 940 2964; x_wconf 90' lang='lat' dir='ltr'><strong>nobilis</strong></span> <span class='ocrx_word' id='word_1_53' title='bbox 968 2901 1131 2964; x_wconf 88' lang='lat' dir='ltr'><strong>lohannes</strong></span> <span class='ocrx_word' id='word_1_54' title='bbox 1164 2901 1302 2984; x_wconf 87' lang='lat' dir='ltr'><strong>waych</strong></span> <span class='ocrx_word' id='word_1_55' title='bbox 1329 2901 1442 2978; x_wconf 88' lang='lat' dir='ltr'><strong>dictus,</strong></span> <span class='ocrx_word' id='word_1_56' title='bbox 1468 2899 1512 2961; x_wconf 83' lang='lat' dir='ltr'><strong>f·</strong></span> <span class='ocrx_word' id='word_1_57' title='bbox 1583 2907 1585 2912; x_wconf 87' lang='lat'>&#39;</span> 
     </span>
     <span class='ocr_line' id='line_1_10' title="bbox 252 3005 1513 3092; baseline -0.005 -18"><span class='ocrx_word' id='word_1_58' title='bbox 252 3012 385 3074; x_wconf 81' lang='lat' dir='ltr'><strong>miliaria</strong></span> <span class='ocrx_word' id='word_1_59' title='bbox 408 3030 564 3092; x_wconf 84' lang='lat' dir='ltr'><strong>generose</strong></span> <span class='ocrx_word' id='word_1_60' title='bbox 581 3010 712 3072; x_wconf 90' lang='lat' dir='ltr'><strong>domine</strong></span> <span class='ocrx_word' id='word_1_61' title='bbox 731 3009 906 3071; x_wconf 81' lang='lat' dir='ltr'><strong>Karberine</strong></span> <span class='ocrx_word' id='word_1_62' title='bbox 931 3008 1041 3070; x_wconf 88' lang='lat' dir='ltr'><strong>relicte</strong></span> <span class='ocrx_word' id='word_1_63' title='bbox 1058 3009 1223 3090; x_wconf 91' lang='lat' dir='ltr'><strong>quondam</strong></span> <span class='ocrx_word' id='word_1_64' title='bbox 1249 3008 1369 3089; x_wconf 81' lang='lat' dir='ltr'><strong>egregii</strong></span> <span class='ocrx_word' id='word_1_65' title='bbox 1388 3005 1513 3069; x_wconf 88' lang='lat' dir='ltr'><strong>Nicolai</strong></span> 
     </span>
     <span class='ocr_line' id='line_1_11' title="bbox 254 3114 1515 3200; baseline -0.006 -18"><span class='ocrx_word' id='word_1_66' title='bbox 254 3121 292 3182; x_wconf 92' lang='lat' dir='ltr'><strong>de</strong></span> <span class='ocrx_word' id='word_1_67' title='bbox 318 3121 441 3182; x_wconf 89' lang='lat' dir='ltr'><strong>Zencze</strong></span> <span class='ocrx_word' id='word_1_68' title='bbox 466 3139 501 3180; x_wconf 89' lang='lat' dir='ltr'><strong>ac</strong></span> <span class='ocrx_word' id='word_1_69' title='bbox 526 3118 667 3200; x_wconf 90' lang='lat' dir='ltr'><strong>prudens</strong></span> <span class='ocrx_word' id='word_1_70' title='bbox 691 3131 722 3179; x_wconf 92' lang='lat' dir='ltr'><strong>et</strong></span> <span class='ocrx_word' id='word_1_71' title='bbox 749 3117 998 3199; x_wconf 87' lang='lat' dir='ltr'><strong>circumspectus</strong></span> <span class='ocrx_word' id='word_1_72' title='bbox 1023 3115 1162 3178; x_wconf 87' lang='lat' dir='ltr'><strong>Michael</strong></span> <span class='ocrx_word' id='word_1_73' title='bbox 1187 3115 1384 3198; x_wconf 83' lang='lat' dir='ltr'><strong>Optasnycz,</strong></span> <span class='ocrx_word' id='word_1_74' title='bbox 1407 3114 1515 3176; x_wconf 87' lang='lat' dir='ltr'><strong>senior</strong></span> 
     </span>
     <span class='ocr_line' id='line_1_12' title="bbox 253 3220 1514 3307; baseline -0.004 -20"><span class='ocrx_word' id='word_1_75' title='bbox 253 3226 349 3307; x_wconf 87' lang='lat' dir='ltr'><strong>judex</strong></span> <span class='ocrx_word' id='word_1_76' title='bbox 373 3240 404 3287; x_wconf 91' lang='lat' dir='ltr'><strong>et</strong></span> <span class='ocrx_word' id='word_1_77' title='bbox 421 3225 563 3286; x_wconf 86' lang='lat' dir='ltr'><strong>concivis</strong></span> <span class='ocrx_word' id='word_1_78' title='bbox 587 3239 704 3301; x_wconf 89' lang='lat' dir='ltr'><strong>noster,</strong></span> <span class='ocrx_word' id='word_1_79' title='bbox 728 3237 882 3304; x_wconf 84' lang='lat' dir='ltr'><strong>tanquam</strong></span> <span class='ocrx_word' id='word_1_80' title='bbox 905 3222 1044 3284; x_wconf 86' lang='lat' dir='ltr'><strong>creditor</strong></span> <span class='ocrx_word' id='word_1_81' title='bbox 1067 3222 1211 3285; x_wconf 87' lang='lat' dir='ltr'><strong>eiusdem</strong></span> <span class='ocrx_word' id='word_1_82' title='bbox 1236 3222 1367 3284; x_wconf 91' lang='lat' dir='ltr'><strong>domine</strong></span> <span class='ocrx_word' id='word_1_83' title='bbox 1396 3220 1514 3283; x_wconf 91' lang='lat' dir='ltr'><strong>Kathe-</strong></span> 
     </span>
     <span class='ocr_line' id='line_1_13' title="bbox 255 3326 1514 3412; baseline -0.003 -20"><span class='ocrx_word' id='word_1_84' title='bbox 255 3334 334 3412; x_wconf 84' lang='lat' dir='ltr'><strong>nine,</strong></span> <span class='ocrx_word' id='word_1_85' title='bbox 352 3332 383 3392; x_wconf 93' lang='lat' dir='ltr'><strong>in</strong></span> <span class='ocrx_word' id='word_1_86' title='bbox 402 3351 538 3412; x_wconf 87' lang='lat' dir='ltr'><strong>persona</strong></span> <span class='ocrx_word' id='word_1_87' title='bbox 555 3351 592 3391; x_wconf 88' lang='lat' dir='ltr'><strong>cx</strong></span> <span class='ocrx_word' id='word_1_88' title='bbox 616 3329 843 3392; x_wconf 84' lang='lat' dir='ltr'><strong>commissione</strong></span> <span class='ocrx_word' id='word_1_89' title='bbox 866 3343 897 3390; x_wconf 92' lang='lat' dir='ltr'><strong>et</strong></span> <span class='ocrx_word' id='word_1_90' title='bbox 909 3329 1040 3411; x_wconf 89' lang='lat' dir='ltr'><strong>speciali</strong></span> <span class='ocrx_word' id='word_1_91' title='bbox 1066 3328 1219 3390; x_wconf 90' lang='lat' dir='ltr'><strong>mandato</strong></span> <span class='ocrx_word' id='word_1_92' title='bbox 1237 3326 1359 3410; x_wconf 86' lang='lat' dir='ltr'><strong>prefate</strong></span> <span class='ocrx_word' id='word_1_93' title='bbox 1382 3326 1514 3389; x_wconf 89' lang='lat' dir='ltr'><strong>domine</strong></span> 
     </span>
     <span class='ocr_line' id='line_1_14' title="bbox 255 3433 1511 3519; baseline -0.005 -19"><span class='ocrx_word' id='word_1_94' title='bbox 255 3437 439 3516; x_wconf 88' lang='lat' dir='ltr'><strong>Katherine,</strong></span> <span class='ocrx_word' id='word_1_95' title='bbox 457 3437 668 3519; x_wconf 79' lang='lat' dir='ltr'><strong>personaliter</strong></span> <span class='ocrx_word' id='word_1_96' title='bbox 686 3436 905 3514; x_wconf 89' lang='lat' dir='ltr'><strong>consistentes,</strong></span> <span class='ocrx_word' id='word_1_97' title='bbox 921 3433 1183 3516; x_wconf 88' lang='lat' dir='ltr'><strong>significaverunt</strong></span> <span class='ocrx_word' id='word_1_98' title='bbox 1207 3435 1238 3495; x_wconf 92' lang='lat' dir='ltr'><strong>in</strong></span> <span class='ocrx_word' id='word_1_99' title='bbox 1257 3433 1341 3496; x_wconf 89' lang='lat' dir='ltr'><strong>hunc</strong></span> <span class='ocrx_word' id='word_1_100' title='bbox 1358 3433 1511 3496; x_wconf 89' lang='lat' dir='ltr'><strong>modurn:</strong></span> 
     </span>
     <span class='ocr_line' id='line_1_15' title="bbox 256 3540 1516 3627; baseline -0.002 -23"><span class='ocrx_word' id='word_1_101' title='bbox 256 3543 423 3627; x_wconf 89' lang='lat' dir='ltr'><strong>quomodo</strong></span> <span class='ocrx_word' id='word_1_102' title='bbox 442 3541 562 3625; x_wconf 87' lang='lat' dir='ltr'><strong>prefata</strong></span> <span class='ocrx_word' id='word_1_103' title='bbox 580 3543 712 3604; x_wconf 87' lang='lat' dir='ltr'><strong>domina</strong></span> <span class='ocrx_word' id='word_1_104' title='bbox 738 3542 912 3604; x_wconf 89' lang='lat' dir='ltr'><strong>Katherina</strong></span> <span class='ocrx_word' id='word_1_105' title='bbox 930 3543 1022 3603; x_wconf 91' lang='lat' dir='ltr'><strong>certis</strong></span> <span class='ocrx_word' id='word_1_106' title='bbox 1039 3555 1070 3604; x_wconf 89' lang='lat' dir='ltr'><strong>et</strong></span> <span class='ocrx_word' id='word_1_107' title='bbox 1089 3540 1339 3602; x_wconf 84' lang='lat' dir='ltr'><strong>racionabilibus</strong></span> <span class='ocrx_word' id='word_1_108' title='bbox 1356 3540 1395 3602; x_wconf 93' lang='lat' dir='ltr'><strong>de</strong></span> <span class='ocrx_word' id='word_1_109' title='bbox 1414 3540 1516 3602; x_wconf 91' lang='lat' dir='ltr'><strong>causis</strong></span> 
     </span>
     <span class='ocr_line' id='line_1_16' title="bbox 256 3646 1516 3732; baseline -0.003 -20"><span class='ocrx_word' id='word_1_110' title='bbox 256 3665 286 3712; x_wconf 88' lang='lat' dir='ltr'><strong>et</strong></span> <span class='ocrx_word' id='word_1_111' title='bbox 311 3651 476 3732; x_wconf 88' lang='lat' dir='ltr'><strong>presertim</strong></span> <span class='ocrx_word' id='word_1_112' title='bbox 495 3669 566 3711; x_wconf 91' lang='lat' dir='ltr'><strong>cum</strong></span> <span class='ocrx_word' id='word_1_113' title='bbox 586 3647 727 3731; x_wconf 87' lang='lat' dir='ltr'><strong>prelatus</strong></span> <span class='ocrx_word' id='word_1_114' title='bbox 752 3648 890 3710; x_wconf 89' lang='lat' dir='ltr'><strong>Michael</strong></span> <span class='ocrx_word' id='word_1_115' title='bbox 909 3647 1090 3731; x_wconf 86' lang='lat' dir='ltr'><strong>Oprasnich</strong></span> <span class='ocrx_word' id='word_1_116' title='bbox 1108 3669 1145 3710; x_wconf 90' lang='lat' dir='ltr'><strong>ex</strong></span> <span class='ocrx_word' id='word_1_117' title='bbox 1162 3648 1270 3730; x_wconf 90' lang='lat' dir='ltr'><strong>precio</strong></span> <span class='ocrx_word' id='word_1_118' title='bbox 1288 3647 1404 3708; x_wconf 89' lang='lat' dir='ltr'><strong>domus</strong></span> <span class='ocrx_word' id='word_1_119' title='bbox 1421 3646 1516 3708; x_wconf 80' lang='lat' dir='ltr'><strong>infra-</strong></span> 
     </span>
     <span class='ocr_line' id='line_1_17' title="bbox 254 3755 1517 3839; baseline -0.002 -21"><span class='ocrx_word' id='word_1_120' title='bbox 254 3758 369 3839; x_wconf 84' lang='lat' dir='ltr'><strong>scripta</strong></span> <span class='ocrx_word' id='word_1_121' title='bbox 393 3756 530 3819; x_wconf 91' lang='lat' dir='ltr'><strong>habebat</strong></span> <span class='ocrx_word' id='word_1_122' title='bbox 554 3756 623 3820; x_wconf 91' lang='lat' dir='ltr'><strong>flor.</strong></span> <span class='ocrx_word' id='word_1_123' title='bbox 648 3757 812 3838; x_wconf 84' lang='lat' dir='ltr'><strong>sexaginta</strong></span> <span class='ocrx_word' id='word_1_124' title='bbox 836 3769 959 3839; x_wconf 89' lang='lat' dir='ltr'><strong>septem</strong></span> <span class='ocrx_word' id='word_1_125' title='bbox 985 3769 1015 3817; x_wconf 93' lang='lat' dir='ltr'><strong>et</strong></span> <span class='ocrx_word' id='word_1_126' title='bbox 1040 3755 1183 3818; x_wconf 88' lang='lat' dir='ltr'><strong>medium</strong></span> <span class='ocrx_word' id='word_1_127' title='bbox 1208 3755 1321 3816; x_wconf 91' lang='lat' dir='ltr'><strong>tollere</strong></span> <span class='ocrx_word' id='word_1_128' title='bbox 1345 3768 1377 3816; x_wconf 93' lang='lat' dir='ltr'><strong>et</strong></span> <span class='ocrx_word' id='word_1_129' title='bbox 1400 3755 1517 3832; x_wconf 89' lang='lat' dir='ltr'><strong>levare,</strong></span> 
     </span>
     <span class='ocr_line' id='line_1_18' title="bbox 255 3860 1518 3940; baseline -0.002 -16"><span class='ocrx_word' id='word_1_130' title='bbox 255 3864 296 3924; x_wconf 93' lang='lat' dir='ltr'><strong>ob</strong></span> <span class='ocrx_word' id='word_1_131' title='bbox 321 3863 382 3924; x_wconf 93' lang='lat' dir='ltr'><strong>hoc</strong></span> <span class='ocrx_word' id='word_1_132' title='bbox 407 3862 540 3923; x_wconf 88' lang='lat' dir='ltr'><strong>domum</strong></span> <span class='ocrx_word' id='word_1_133' title='bbox 567 3881 656 3923; x_wconf 88' lang='lat' dir='ltr'><strong>suam</strong></span> <span class='ocrx_word' id='word_1_134' title='bbox 683 3876 841 3924; x_wconf 88' lang='lat' dir='ltr'><strong>muratam</strong></span> <span class='ocrx_word' id='word_1_135' title='bbox 865 3881 938 3924; x_wconf 89' lang='lat' dir='ltr'><strong>cum</strong></span> <span class='ocrx_word' id='word_1_136' title='bbox 955 3863 1057 3923; x_wconf 91' lang='lat' dir='ltr'><strong>tribus</strong></span> <span class='ocrx_word' id='word_1_137' title='bbox 1081 3862 1289 3940; x_wconf 79' lang='lat' dir='ltr'><strong>stationibus,</strong></span> <span class='ocrx_word' id='word_1_138' title='bbox 1314 3860 1456 3940; x_wconf 87' lang='lat' dir='ltr'><strong>cellario,</strong></span> <span class='ocrx_word' id='word_1_139' title='bbox 1481 3879 1518 3921; x_wconf 86' lang='lat' dir='ltr'><strong>ac</strong></span> 
     </span>
     <span class='ocr_line' id='line_1_19' title="bbox 254 3967 1518 4049; baseline -0.002 -19"><span class='ocrx_word' id='word_1_140' title='bbox 254 3982 341 4031; x_wconf 88' lang='lat' dir='ltr'><strong>turre</strong></span> <span class='ocrx_word' id='word_1_141' title='bbox 366 3969 509 4046; x_wconf 88' lang='lat' dir='ltr'><strong>muratis,</strong></span> <span class='ocrx_word' id='word_1_142' title='bbox 534 3969 670 4030; x_wconf 89' lang='lat' dir='ltr'><strong>omnino</strong></span> <span class='ocrx_word' id='word_1_143' title='bbox 694 3969 833 4030; x_wconf 90' lang='lat' dir='ltr'><strong>ruinosis</strong></span> <span class='ocrx_word' id='word_1_144' title='bbox 856 3989 892 4030; x_wconf 89' lang='lat' dir='ltr'><strong>ac</strong></span> <span class='ocrx_word' id='word_1_145' title='bbox 917 3970 956 4030; x_wconf 93' lang='lat' dir='ltr'><strong>ab</strong></span> <span class='ocrx_word' id='word_1_146' title='bbox 975 3971 1067 4030; x_wconf 90' lang='lat' dir='ltr'><strong>annis</strong></span> <span class='ocrx_word' id='word_1_147' title='bbox 1091 3967 1162 4030; x_wconf 85' lang='lat' dir='ltr'><strong>lere</strong></span> <span class='ocrx_word' id='word_1_148' title='bbox 1182 3967 1293 4029; x_wconf 87' lang='lat' dir='ltr'><strong>decem</strong></span> <span class='ocrx_word' id='word_1_149' title='bbox 1319 3981 1350 4029; x_wconf 88' lang='lat' dir='ltr'><strong>et</strong></span> <span class='ocrx_word' id='word_1_150' title='bbox 1374 3981 1446 4029; x_wconf 91' lang='lat' dir='ltr'><strong>octo</strong></span> <span class='ocrx_word' id='word_1_151' title='bbox 1464 3987 1518 4049; x_wconf 91' lang='lat' dir='ltr'><strong>pe-</strong></span> 
     </span>
     <span class='ocr_line' id='line_1_20' title="bbox 256 4073 1518 4156; baseline -0.002 -20"><span class='ocrx_word' id='word_1_152' title='bbox 256 4077 342 4137; x_wconf 89' lang='lat' dir='ltr'><strong>nitus</strong></span> <span class='ocrx_word' id='word_1_153' title='bbox 366 4073 500 4136; x_wconf 86' lang='lat' dir='ltr'><strong>edificiis</strong></span> <span class='ocrx_word' id='word_1_154' title='bbox 525 4075 695 4153; x_wconf 88' lang='lat' dir='ltr'><strong>destitutis,</strong></span> <span class='ocrx_word' id='word_1_155' title='bbox 719 4075 815 4136; x_wconf 86' lang='lat' dir='ltr'><strong>simul</strong></span> <span class='ocrx_word' id='word_1_156' title='bbox 840 4095 912 4136; x_wconf 91' lang='lat' dir='ltr'><strong>cum</strong></span> <span class='ocrx_word' id='word_1_157' title='bbox 936 4075 1076 4156; x_wconf 88' lang='lat' dir='ltr'><strong>quadam</strong></span> <span class='ocrx_word' id='word_1_158' title='bbox 1101 4075 1200 4136; x_wconf 94' lang='lat' dir='ltr'><strong>domo</strong></span> <span class='ocrx_word' id='word_1_159' title='bbox 1225 4074 1324 4156; x_wconf 91' lang='lat' dir='ltr'><strong>lignei</strong></span> <span class='ocrx_word' id='word_1_160' title='bbox 1349 4074 1455 4156; x_wconf 90' lang='lat' dir='ltr'><strong>operis</strong></span> <span class='ocrx_word' id='word_1_161' title='bbox 1478 4073 1518 4134; x_wconf 88' lang='lat' dir='ltr'><strong>si-</strong></span> 
     </span>
     <span class='ocr_line' id='line_1_21' title="bbox 255 4180 1518 4262; baseline -0.003 -18"><span class='ocrx_word' id='word_1_162' title='bbox 255 4183 374 4244; x_wconf 91' lang='lat' dir='ltr'><strong>militer</strong></span> <span class='ocrx_word' id='word_1_163' title='bbox 388 4182 549 4242; x_wconf 90' lang='lat' dir='ltr'><strong>ruinosam</strong></span> <span class='ocrx_word' id='word_1_164' title='bbox 566 4203 602 4244; x_wconf 91' lang='lat' dir='ltr'><strong>ac</strong></span> <span class='ocrx_word' id='word_1_165' title='bbox 615 4182 733 4244; x_wconf 88' lang='lat' dir='ltr'><strong>sacello</strong></span> <span class='ocrx_word' id='word_1_166' title='bbox 744 4183 834 4244; x_wconf 88' lang='lat' dir='ltr'><strong>beate</strong></span> <span class='ocrx_word' id='word_1_167' title='bbox 848 4181 961 4244; x_wconf 90' lang='lat' dir='ltr'><strong>Vrsule</strong></span> <span class='ocrx_word' id='word_1_168' title='bbox 973 4181 1105 4262; x_wconf 88' lang='lat' dir='ltr'><strong>virginis</strong></span> <span class='ocrx_word' id='word_1_169' title='bbox 1119 4201 1217 4262; x_wconf 88' lang='lat' dir='ltr'><strong>penes</strong></span> <span class='ocrx_word' id='word_1_170' title='bbox 1234 4180 1370 4242; x_wconf 89' lang='lat' dir='ltr'><strong>eandem</strong></span> <span class='ocrx_word' id='word_1_171' title='bbox 1384 4180 1518 4241; x_wconf 91' lang='lat' dir='ltr'><strong>domum</strong></span> 
     </span>
    </p>
   </div>
   <div class='ocr_carea' id='block_1_6' title="bbox 256 4285 1621 4370">
    <p class='ocr_par' dir='ltr' id='par_1_9' title="bbox 256 4285 1621 4370">
     <span class='ocr_line' id='line_1_22' title="bbox 256 4285 1621 4370; baseline -0.004 -20"><span class='ocrx_word' id='word_1_172' title='bbox 256 4302 413 4350; x_wconf 88' lang='lat' dir='ltr'><strong>muratam</strong></span> <span class='ocrx_word' id='word_1_173' title='bbox 439 4289 470 4348; x_wconf 95' lang='lat' dir='ltr'><strong>in</strong></span> <span class='ocrx_word' id='word_1_174' title='bbox 497 4307 590 4349; x_wconf 92' lang='lat' dir='ltr'><strong>muro</strong></span> <span class='ocrx_word' id='word_1_175' title='bbox 608 4289 745 4350; x_wconf 86' lang='lat' dir='ltr'><strong>civitatis</strong></span> <span class='ocrx_word' id='word_1_176' title='bbox 761 4289 902 4350; x_wconf 89' lang='lat' dir='ltr'><strong>habitam</strong></span> <span class='ocrx_word' id='word_1_177' title='bbox 921 4308 1019 4369; x_wconf 90' lang='lat' dir='ltr'><strong>penes</strong></span> <span class='ocrx_word' id='word_1_178' title='bbox 1044 4300 1168 4370; x_wconf 88' lang='lat' dir='ltr'><strong>portam</strong></span> <span class='ocrx_word' id='word_1_179' title='bbox 1187 4287 1349 4369; x_wconf 84' lang='lat' dir='ltr'><strong>lapideam</strong></span> <span class='ocrx_word' id='word_1_180' title='bbox 1374 4285 1519 4347; x_wconf 90' lang='lat' dir='ltr'><strong>eiusdem</strong></span> <span class='ocrx_word' id='word_1_181' title='bbox 1619 4313 1621 4320; x_wconf 94' lang='lat'>·</span> 
     </span>
    </p>
   </div>
   <div class='ocr_carea' id='block_1_7' title="bbox 255 4391 1522 5118">
    <p class='ocr_par' dir='ltr' id='par_1_10' title="bbox 255 4391 1522 5118">
     <span class='ocr_line' id='line_1_23' title="bbox 255 4391 1519 4475; baseline -0.003 -19"><span class='ocrx_word' id='word_1_182' title='bbox 255 4395 392 4456; x_wconf 90' lang='lat' dir='ltr'><strong>civitatis</strong></span> <span class='ocrx_word' id='word_1_183' title='bbox 418 4395 500 4454; x_wconf 88' lang='lat' dir='ltr'><strong>inter</strong></span> <span class='ocrx_word' id='word_1_184' title='bbox 524 4394 603 4456; x_wconf 89' lang='lat' dir='ltr'><strong>duas</strong></span> <span class='ocrx_word' id='word_1_185' title='bbox 628 4395 748 4475; x_wconf 85' lang='lat' dir='ltr'><strong>plateas</strong></span> <span class='ocrx_word' id='word_1_186' title='bbox 772 4413 961 4456; x_wconf 87' lang='lat' dir='ltr'><strong>communes</strong></span> <span class='ocrx_word' id='word_1_187' title='bbox 993 4415 1010 4454; x_wconf 90' lang='lat' dir='ltr'><strong>a</strong></span> <span class='ocrx_word' id='word_1_188' title='bbox 1042 4393 1248 4455; x_wconf 88' lang='lat' dir='ltr'><strong>meridionali</strong></span> <span class='ocrx_word' id='word_1_189' title='bbox 1274 4407 1304 4454; x_wconf 90' lang='lat' dir='ltr'><strong>et</strong></span> <span class='ocrx_word' id='word_1_190' title='bbox 1328 4391 1519 4454; x_wconf 86' lang='lat' dir='ltr'><strong>occidentali</strong></span> 
     </span>
     <span class='ocr_line' id='line_1_24' title="bbox 256 4497 1521 4583; baseline -0.003 -21"><span class='ocrx_word' id='word_1_191' title='bbox 256 4501 401 4583; x_wconf 90' lang='lat' dir='ltr'><strong>partibus</strong></span> <span class='ocrx_word' id='word_1_192' title='bbox 425 4513 456 4562; x_wconf 89' lang='lat' dir='ltr'><strong>et</strong></span> <span class='ocrx_word' id='word_1_193' title='bbox 480 4501 562 4561; x_wconf 93' lang='lat' dir='ltr'><strong>inter</strong></span> <span class='ocrx_word' id='word_1_194' title='bbox 587 4500 720 4562; x_wconf 87' lang='lat' dir='ltr'><strong>domum</strong></span> <span class='ocrx_word' id='word_1_195' title='bbox 747 4501 871 4582; x_wconf 90' lang='lat' dir='ltr'><strong>providi</strong></span> <span class='ocrx_word' id='word_1_196' title='bbox 891 4501 950 4562; x_wconf 92' lang='lat' dir='ltr'><strong>viri</strong></span> <span class='ocrx_word' id='word_1_197' title='bbox 968 4499 1095 4562; x_wconf 87' lang='lat' dir='ltr'><strong>Nicolai</strong></span> <span class='ocrx_word' id='word_1_198' title='bbox 1114 4499 1356 4577; x_wconf 89' lang='lat' dir='ltr'><strong>barbitonsoris‚</strong></span> <span class='ocrx_word' id='word_1_199' title='bbox 1380 4497 1521 4560; x_wconf 86' lang='lat' dir='ltr'><strong>concivis</strong></span> 
     </span>
     <span class='ocr_line' id='line_1_25' title="bbox 257 4605 1520 4690; baseline -0.004 -20"><span class='ocrx_word' id='word_1_200' title='bbox 257 4609 368 4686; x_wconf 90' lang='lat' dir='ltr'><strong>nostri,</strong></span> <span class='ocrx_word' id='word_1_201' title='bbox 393 4629 410 4669; x_wconf 91' lang='lat' dir='ltr'><strong>a</strong></span> <span class='ocrx_word' id='word_1_202' title='bbox 435 4607 690 4690; x_wconf 88' lang='lat' dir='ltr'><strong>septemtrionali</strong></span> <span class='ocrx_word' id='word_1_203' title='bbox 715 4621 803 4690; x_wconf 90' lang='lat' dir='ltr'><strong>parte</strong></span> <span class='ocrx_word' id='word_1_204' title='bbox 826 4606 967 4668; x_wconf 90' lang='lat' dir='ltr'><strong>habitam</strong></span> <span class='ocrx_word' id='word_1_205' title='bbox 993 4622 1024 4668; x_wconf 89' lang='lat' dir='ltr'><strong>et</strong></span> <span class='ocrx_word' id='word_1_206' title='bbox 1052 4607 1252 4684; x_wconf 84' lang='lat' dir='ltr'><strong>existentem,</strong></span> <span class='ocrx_word' id='word_1_207' title='bbox 1277 4605 1356 4666; x_wconf 87' lang='lat' dir='ltr'><strong>duas</strong></span> <span class='ocrx_word' id='word_1_208' title='bbox 1381 4605 1520 4686; x_wconf 89' lang='lat' dir='ltr'><strong>integras</strong></span> 
     </span>
     <span class='ocr_line' id='line_1_26' title="bbox 257 4711 1521 4793; baseline -0.003 -17"><span class='ocrx_word' id='word_1_209' title='bbox 257 4715 359 4776; x_wconf 86' lang='lat' dir='ltr'><strong>curias</strong></span> <span class='ocrx_word' id='word_1_210' title='bbox 383 4713 422 4775; x_wconf 91' lang='lat' dir='ltr'><strong>ad</strong></span> <span class='ocrx_word' id='word_1_211' title='bbox 447 4733 540 4774; x_wconf 89' lang='lat' dir='ltr'><strong>usum</strong></span> <span class='ocrx_word' id='word_1_212' title='bbox 567 4713 650 4774; x_wconf 87' lang='lat' dir='ltr'><strong>dicte</strong></span> <span class='ocrx_word' id='word_1_213' title='bbox 675 4714 811 4776; x_wconf 88' lang='lat' dir='ltr'><strong>civitatis</strong></span> <span class='ocrx_word' id='word_1_214' title='bbox 847 4714 878 4774; x_wconf 93' lang='lat' dir='ltr'><strong>in</strong></span> <span class='ocrx_word' id='word_1_215' title='bbox 903 4734 936 4776; x_wconf 88' lang='lat' dir='ltr'><strong>se</strong></span> <span class='ocrx_word' id='word_1_216' title='bbox 971 4714 1202 4790; x_wconf 89' lang='lat' dir='ltr'><strong>continentem,</strong></span> <span class='ocrx_word' id='word_1_217' title='bbox 1228 4714 1329 4793; x_wconf 89' lang='lat' dir='ltr'><strong>ipsam</strong></span> <span class='ocrx_word' id='word_1_218' title='bbox 1355 4711 1521 4772; x_wconf 86' lang='lat' dir='ltr'><strong>dominam</strong></span> 
     </span>
     <span class='ocr_line' id='line_1_27' title="bbox 259 4816 1521 4903; baseline -0.005 -21"><span class='ocrx_word' id='word_1_219' title='bbox 259 4821 466 4882; x_wconf 85' lang='lat' dir='ltr'><strong>Karberinam</strong></span> <span class='ocrx_word' id='word_1_220' title='bbox 493 4841 509 4880; x_wconf 90' lang='lat' dir='ltr'><strong>a</strong></span> <span class='ocrx_word' id='word_1_221' title='bbox 535 4817 659 4901; x_wconf 84' lang='lat' dir='ltr'><strong>prefato</strong></span> <span class='ocrx_word' id='word_1_222' title='bbox 685 4821 820 4882; x_wconf 88' lang='lat' dir='ltr'><strong>Nicolao</strong></span> <span class='ocrx_word' id='word_1_223' title='bbox 842 4820 992 4903; x_wconf 87' lang='lat' dir='ltr'><strong>Zenchey</strong></span> <span class='ocrx_word' id='word_1_224' title='bbox 1018 4819 1152 4881; x_wconf 90' lang='lat' dir='ltr'><strong>domino</strong></span> <span class='ocrx_word' id='word_1_225' title='bbox 1177 4833 1207 4880; x_wconf 90' lang='lat' dir='ltr'><strong>et</strong></span> <span class='ocrx_word' id='word_1_226' title='bbox 1231 4819 1346 4880; x_wconf 86' lang='lat' dir='ltr'><strong>marito</strong></span> <span class='ocrx_word' id='word_1_227' title='bbox 1370 4837 1429 4878; x_wconf 89' lang='lat' dir='ltr'><strong>suo</strong></span> <span class='ocrx_word' id='word_1_228' title='bbox 1453 4816 1521 4898; x_wconf 80' lang='lat' dir='ltr'><strong>jure</strong></span> 
     </span>
     <span class='ocr_line' id='line_1_28' title="bbox 258 4923 1522 5006; baseline -0.002 -18"><span class='ocrx_word' id='word_1_229' title='bbox 258 4928 454 4989; x_wconf 89' lang='lat' dir='ltr'><strong>successorio</strong></span> <span class='ocrx_word' id='word_1_230' title='bbox 491 4940 759 5004; x_wconf 89' lang='lat' dir='ltr'><strong>concernentem,</strong></span> <span class='ocrx_word' id='word_1_231' title='bbox 796 4927 959 4988; x_wconf 91' lang='lat' dir='ltr'><strong>nobilibus</strong></span> <span class='ocrx_word' id='word_1_232' title='bbox 998 4927 1075 4986; x_wconf 86' lang='lat' dir='ltr'><strong>viris</strong></span> <span class='ocrx_word' id='word_1_233' title='bbox 1108 4925 1257 4987; x_wconf 87' lang='lat' dir='ltr'><strong>Michaeli</strong></span> <span class='ocrx_word' id='word_1_234' title='bbox 1290 4923 1461 5006; x_wconf 90' lang='lat' dir='ltr'><strong>Budosych</strong></span> <span class='ocrx_word' id='word_1_235' title='bbox 1486 4943 1522 4985; x_wconf 86' lang='lat' dir='ltr'><strong>ac</strong></span> 
     </span>
     <span class='ocr_line' id='line_1_29' title="bbox 260 5031 1522 5118; baseline -0.002 -23"><span class='ocrx_word' id='word_1_236' title='bbox 260 5035 387 5098; x_wconf 90' lang='lat' dir='ltr'><strong>Thornc</strong></span> <span class='ocrx_word' id='word_1_237' title='bbox 414 5034 599 5118; x_wconf 87' lang='lat' dir='ltr'><strong>Bodowych</strong></span> <span class='ocrx_word' id='word_1_238' title='bbox 626 5031 777 5096; x_wconf 81' lang='lat' dir='ltr'><strong>fratribus</strong></span> <span class='ocrx_word' id='word_1_239' title='bbox 801 5033 960 5115; x_wconf 91' lang='lat' dir='ltr'><strong>adoptivis</strong></span> <span class='ocrx_word' id='word_1_240' title='bbox 985 5053 1043 5114; x_wconf 91' lang='lat' dir='ltr'><strong>pro</strong></span> <span class='ocrx_word' id='word_1_241' title='bbox 1069 5032 1137 5096; x_wconf 87' lang='lat' dir='ltr'><strong>flor.</strong></span> <span class='ocrx_word' id='word_1_242' title='bbox 1166 5047 1293 5092; x_wconf 88' lang='lat' dir='ltr'><strong>centurn</strong></span> <span class='ocrx_word' id='word_1_243' title='bbox 1319 5031 1387 5092; x_wconf 87' lang='lat' dir='ltr'><strong>auri</strong></span> <span class='ocrx_word' id='word_1_244' title='bbox 1412 5031 1522 5092; x_wconf 89' lang='lat' dir='ltr'><strong>vendi·</strong></span> 
     </span>
    </p>
   </div>
   <div class='ocr_carea' id='block_1_8' title="bbox 1415 5119 1434 5184">
    <p class='ocr_par' dir='ltr' id='par_1_11' title="bbox 1415 5119 1434 5184">
     <span class='ocr_line' id='line_1_30' title="bbox 1415 5119 1434 5184; baseline 0 0"><span class='ocrx_word' id='word_1_245' title='bbox 1415 5119 1434 5184; x_wconf 89' lang='lat'>8</span> 
     </span>
    </p>
   </div>
   <div class='ocr_carea' id='block_1_9' title="bbox 0 0 1931 5806">
    <p class='ocr_par' dir='ltr' id='par_1_12' title="bbox 0 0 1931 5806">
     <span class='ocr_line' id='line_1_31' title="bbox 0 0 1931 5806; baseline 0 0"><span class='ocrx_word' id='word_1_246' title='bbox 0 0 1931 5806; x_wconf 95' lang='lat' dir='ltr'><strong> </strong></span> 
     </span>
    </p>
   </div>
  </div>
 </body>
</html>
