<?xml version="1.0" encoding="UTF-8"?>
<!DOCTYPE html PUBLIC "-//W3C//DTD XHTML 1.0 Transitional//EN"
    "http://www.w3.org/TR/xhtml1/DTD/xhtml1-transitional.dtd">
<html xmlns="http://www.w3.org/1999/xhtml" xml:lang="en" lang="en">
 <head>
  <title>
</title>
<meta http-equiv="Content-Type" content="text/html;charset=utf-8" />
  <meta name='ocr-system' content='tesseract 3.04.00' />
  <meta name='ocr-capabilities' content='ocr_page ocr_carea ocr_par ocr_line ocrx_word'/>
</head>
<body>
  <div class='ocr_page' id='page_1' title='image "./monumentahistor19laszgoog_0334.png"; bbox 0 0 3840 5800; ppageno 0'>
   <div class='ocr_carea' id='block_1_1' title="bbox 379 514 1081 576">
    <p class='ocr_par' dir='ltr' id='par_1_1' title="bbox 379 514 1081 576">
     <span class='ocr_line' id='line_1_1' title="bbox 379 514 1081 576; baseline 0 -1"><span class='ocrx_word' id='word_1_1' title='bbox 379 514 443 576; x_wconf 80' lang='lat'>²82</span> <span class='ocrx_word' id='word_1_2' title='bbox 934 515 1081 576; x_wconf 69' lang='lat' dir='ltr'>Ramnes.</span> 
     </span>
    </p>
   </div>
   <div class='ocr_carea' id='block_1_2' title="bbox 377 725 1641 1445">
    <p class='ocr_par' dir='ltr' id='par_1_2' title="bbox 377 725 1639 918">
     <span class='ocr_line' id='line_1_2' title="bbox 378 725 1639 806; baseline -0.002 -16"><span class='ocrx_word' id='word_1_3' title='bbox 378 731 528 790; x_wconf 81' lang='lat' dir='ltr'>miseram</span> <span class='ocrx_word' id='word_1_4' title='bbox 552 727 732 790; x_wconf 85' lang='lat' dir='ltr'>Jankonem</span> <span class='ocrx_word' id='word_1_5' title='bbox 763 726 872 790; x_wconf 86' lang='lat' dir='ltr'>bwzar</span> <span class='ocrx_word' id='word_1_6' title='bbox 903 725 944 789; x_wconf 83' lang='lat' dir='ltr'>sd</span> <span class='ocrx_word' id='word_1_7' title='bbox 976 725 1170 789; x_wconf 87' lang='lat' dir='ltr'>attendenda</span> <span class='ocrx_word' id='word_1_8' title='bbox 1202 745 1297 806; x_wconf 86' lang='lat' dir='ltr'>nova,</span> <span class='ocrx_word' id='word_1_9' title='bbox 1329 739 1359 788; x_wconf 91' lang='lat' dir='ltr'>et</span> <span class='ocrx_word' id='word_1_10' title='bbox 1391 726 1497 789; x_wconf 92' lang='lat' dir='ltr'>eidem</span> <span class='ocrx_word' id='word_1_11' title='bbox 1522 725 1563 788; x_wconf 88' lang='lat' dir='ltr'>ad</span> <span class='ocrx_word' id='word_1_12' title='bbox 1588 746 1639 788; x_wconf 85' lang='lat' dir='ltr'>ex·</span> 
     </span>
     <span class='ocr_line' id='line_1_3' title="bbox 377 832 813 918; baseline 0 -22"><span class='ocrx_word' id='word_1_13' title='bbox 377 853 492 918; x_wconf 89' lang='lat' dir='ltr'>pensas</span> <span class='ocrx_word' id='word_1_14' title='bbox 515 835 668 896; x_wconf 92' lang='lat' dir='ltr'>dedi...</span> <span class='ocrx_word' id='word_1_15' title='bbox 693 832 753 896; x_wconf 88' lang='lat' dir='ltr'>sol.</span> <span class='ocrx_word' id='word_1_16' title='bbox 778 834 813 896; x_wconf 93' lang='lat' dir='ltr'>L.</span> 
     </span>
    </p>

    <p class='ocr_par' dir='ltr' id='par_1_3' title="bbox 379 936 1640 1127">
     <span class='ocr_line' id='line_1_4' title="bbox 482 936 1640 1021; baseline -0.001 -20"><span class='ocrx_word' id='word_1_17' title='bbox 482 938 558 1002; x_wconf 89' lang='lat' dir='ltr'>Item</span> <span class='ocrx_word' id='word_1_18' title='bbox 585 939 733 1000; x_wconf 81' lang='lat' dir='ltr'>miseram</span> <span class='ocrx_word' id='word_1_19' title='bbox 759 953 789 1000; x_wconf 91' lang='lat' dir='ltr'>et</span> <span class='ocrx_word' id='word_1_20' title='bbox 813 938 972 1021; x_wconf 87' lang='lat' dir='ltr'>quosdam</span> <span class='ocrx_word' id='word_1_21' title='bbox 991 938 1072 1000; x_wconf 81' lang='lat' dir='ltr'>allos</span> <span class='ocrx_word' id='word_1_22' title='bbox 1088 938 1128 1000; x_wconf 91' lang='lat' dir='ltr'>ad</span> <span class='ocrx_word' id='word_1_23' title='bbox 1152 939 1276 1001; x_wconf 88' lang='lat' dir='ltr'>diversa</span> <span class='ocrx_word' id='word_1_24' title='bbox 1302 936 1382 1001; x_wconf 83' lang='lat' dir='ltr'>facta</span> <span class='ocrx_word' id='word_1_25' title='bbox 1407 940 1501 1001; x_wconf 89' lang='lat' dir='ltr'>etad</span> <span class='ocrx_word' id='word_1_26' title='bbox 1526 939 1640 1020; x_wconf 84' lang='lat' dir='ltr'>Zagra·</span> 
     </span>
     <span class='ocr_line' id='line_1_5' title="bbox 379 1042 1262 1127; baseline 0.001 -18"><span class='ocrx_word' id='word_1_27' title='bbox 379 1047 476 1124; x_wconf 89' lang='lat' dir='ltr'>biam,</span> <span class='ocrx_word' id='word_1_28' title='bbox 500 1045 652 1107; x_wconf 89' lang='lat' dir='ltr'>omnibus</span> <span class='ocrx_word' id='word_1_29' title='bbox 676 1064 734 1126; x_wconf 93' lang='lat' dir='ltr'>pro</span> <span class='ocrx_word' id='word_1_30' title='bbox 759 1045 906 1127; x_wconf 81' lang='lat' dir='ltr'>expensis</span> <span class='ocrx_word' id='word_1_31' title='bbox 930 1044 1081 1108; x_wconf 91' lang='lat' dir='ltr'>dedi...</span> <span class='ocrx_word' id='word_1_32' title='bbox 1107 1045 1166 1107; x_wconf 92' lang='lat' dir='ltr'>sol.</span> <span class='ocrx_word' id='word_1_33' title='bbox 1192 1042 1262 1110; x_wconf 83' lang='lat' dir='ltr'>XX.</span> 
     </span>
    </p>

    <p class='ocr_par' dir='ltr' id='par_1_4' title="bbox 484 1147 1340 1233">
     <span class='ocr_line' id='line_1_6' title="bbox 484 1147 1340 1233; baseline 0 -21"><span class='ocrx_word' id='word_1_34' title='bbox 484 1151 609 1213; x_wconf 89' lang='lat' dir='ltr'>Eodem</span> <span class='ocrx_word' id='word_1_35' title='bbox 635 1151 685 1212; x_wconf 85' lang='lat' dir='ltr'>die</span> <span class='ocrx_word' id='word_1_36' title='bbox 711 1151 774 1212; x_wconf 92' lang='lat' dir='ltr'>emi</span> <span class='ocrx_word' id='word_1_37' title='bbox 799 1151 901 1233; x_wconf 78' lang='lat' dir='ltr'>pisces</span> <span class='ocrx_word' id='word_1_38' title='bbox 925 1151 956 1212; x_wconf 93' lang='lat' dir='ltr'>in</span> <span class='ocrx_word' id='word_1_39' title='bbox 983 1165 1161 1214; x_wconf 88' lang='lat' dir='ltr'>castro...</span> <span class='ocrx_word' id='word_1_40' title='bbox 1188 1150 1246 1215; x_wconf 93' lang='lat' dir='ltr'>sol.</span> <span class='ocrx_word' id='word_1_41' title='bbox 1271 1147 1340 1213; x_wconf 91' lang='lat' dir='ltr'>XX.</span> 
     </span>
    </p>

    <p class='ocr_par' dir='ltr' id='par_1_5' title="bbox 377 1253 1641 1445">
     <span class='ocr_line' id='line_1_7' title="bbox 481 1253 1641 1320; baseline 0.002 -2"><span class='ocrx_word' id='word_1_42' title='bbox 481 1254 559 1318; x_wconf 91' lang='lat' dir='ltr'>Item</span> <span class='ocrx_word' id='word_1_43' title='bbox 584 1258 718 1318; x_wconf 89' lang='lat' dir='ltr'>sabbato</span> <span class='ocrx_word' id='word_1_44' title='bbox 743 1259 774 1318; x_wconf 91' lang='lat' dir='ltr'>in</span> <span class='ocrx_word' id='word_1_45' title='bbox 800 1253 880 1318; x_wconf 87' lang='lat' dir='ltr'>festo</span> <span class='ocrx_word' id='word_1_46' title='bbox 897 1257 1009 1318; x_wconf 91' lang='lat' dir='ltr'>decem</span> <span class='ocrx_word' id='word_1_47' title='bbox 1035 1256 1174 1318; x_wconf 89' lang='lat' dir='ltr'>millium</span> <span class='ocrx_word' id='word_1_48' title='bbox 1199 1256 1337 1318; x_wconf 89' lang='lat' dir='ltr'>rnilitum</span> <span class='ocrx_word' id='word_1_49' title='bbox 1364 1256 1438 1318; x_wconf 92' lang='lat' dir='ltr'>dedi</span> <span class='ocrx_word' id='word_1_50' title='bbox 1466 1257 1641 1320; x_wconf 90' lang='lat' dir='ltr'>Benedicto</span> 
     </span>
     <span class='ocr_line' id='line_1_8' title="bbox 377 1361 1535 1445; baseline 0.001 -19"><span class='ocrx_word' id='word_1_51' title='bbox 377 1363 551 1426; x_wconf 86' lang='lat' dir='ltr'>castellano</span> <span class='ocrx_word' id='word_1_52' title='bbox 576 1363 615 1424; x_wconf 92' lang='lat' dir='ltr'>de</span> <span class='ocrx_word' id='word_1_53' title='bbox 641 1361 750 1445; x_wconf 79' lang='lat' dir='ltr'>Garyg</span> <span class='ocrx_word' id='word_1_54' title='bbox 774 1362 814 1424; x_wconf 89' lang='lat' dir='ltr'>ad</span> <span class='ocrx_word' id='word_1_55' title='bbox 838 1363 1017 1424; x_wconf 88' lang='lat' dir='ltr'>necessaria</span> <span class='ocrx_word' id='word_1_56' title='bbox 1041 1363 1133 1424; x_wconf 80' lang='lat' dir='ltr'><strong>castri</strong></span> <span class='ocrx_word' id='word_1_57' title='bbox 1160 1362 1373 1426; x_wconf 90' lang='lat' dir='ltr'>eiusdem...</span> <span class='ocrx_word' id='word_1_58' title='bbox 1398 1364 1457 1426; x_wconf 89' lang='lat' dir='ltr'>sol.</span> <span class='ocrx_word' id='word_1_59' title='bbox 1482 1361 1535 1428; x_wconf 68' lang='lat' dir='ltr'>X0.</span> 
     </span>
    </p>
   </div>
   <div class='ocr_carea' id='block_1_3' title="bbox 379 1486 1641 2207">
    <p class='ocr_par' dir='ltr' id='par_1_6' title="bbox 484 1486 1640 1574">
     <span class='ocr_line' id='line_1_9' title="bbox 484 1486 1640 1574; baseline 0.004 -26"><span class='ocrx_word' id='word_1_60' title='bbox 484 1486 634 1549; x_wconf 90' lang='lat' dir='ltr'>Michaeli</span> <span class='ocrx_word' id='word_1_61' title='bbox 653 1486 773 1548; x_wconf 90' lang='lat' dir='ltr'>Ozorai</span> <span class='ocrx_word' id='word_1_62' title='bbox 790 1505 848 1568; x_wconf 92' lang='lat' dir='ltr'>pro</span> <span class='ocrx_word' id='word_1_63' title='bbox 866 1487 970 1549; x_wconf 89' lang='lat' dir='ltr'>lutura</span> <span class='ocrx_word' id='word_1_64' title='bbox 988 1487 1218 1549; x_wconf 76' lang='lat' dir='ltr'>distributione</span> <span class='ocrx_word' id='word_1_65' title='bbox 1236 1487 1356 1548; x_wconf 89' lang='lat' dir='ltr'>ibidem</span> <span class='ocrx_word' id='word_1_66' title='bbox 1376 1487 1506 1574; x_wconf 90' lang='lat' dir='ltr'>dedi...</span> <span class='ocrx_word' id='word_1_67' title='bbox 1523 1489 1581 1552; x_wconf 85' lang='lat' dir='ltr'>sol.</span> <span class='ocrx_word' id='word_1_68' title='bbox 1596 1487 1640 1553; x_wconf 76' lang='lat' dir='ltr'>tle.</span> 
     </span>
    </p>

    <p class='ocr_par' dir='ltr' id='par_1_7' title="bbox 379 1591 1637 1762">
     <span class='ocr_line' id='line_1_10' title="bbox 482 1591 1637 1676; baseline 0 -21"><span class='ocrx_word' id='word_1_69' title='bbox 482 1591 560 1656; x_wconf 90' lang='lat' dir='ltr'>Item</span> <span class='ocrx_word' id='word_1_70' title='bbox 586 1593 658 1655; x_wconf 89' lang='lat' dir='ltr'>misi</span> <span class='ocrx_word' id='word_1_71' title='bbox 684 1592 878 1674; x_wconf 82' lang='lat' dir='ltr'>Gregorium</span> <span class='ocrx_word' id='word_1_72' title='bbox 897 1613 1031 1676; x_wconf 88' lang='lat' dir='ltr'>parvum</span> <span class='ocrx_word' id='word_1_73' title='bbox 1051 1594 1241 1675; x_wconf 85' lang='lat' dir='ltr'>Zagrabiam</span> <span class='ocrx_word' id='word_1_74' title='bbox 1266 1595 1360 1656; x_wconf 90' lang='lat' dir='ltr'>etad</span> <span class='ocrx_word' id='word_1_75' title='bbox 1385 1615 1539 1676; x_wconf 85' lang='lat' dir='ltr'>expensas</span> <span class='ocrx_word' id='word_1_76' title='bbox 1564 1595 1637 1657; x_wconf 89' lang='lat' dir='ltr'>dedi</span> 
     </span>
     <span class='ocr_line' id='line_1_11' title="bbox 379 1697 644 1762; baseline 0.011 -3"><span class='ocrx_word' id='word_1_77' title='bbox 379 1701 407 1760; x_wconf 90' lang='lat' dir='ltr'>ei</span> <span class='ocrx_word' id='word_1_78' title='bbox 428 1749 432 1760; x_wconf 95' lang='lat'>.</span> <span class='ocrx_word' id='word_1_79' title='bbox 453 1749 482 1762; x_wconf 93' lang='lat'>..</span> <span class='ocrx_word' id='word_1_80' title='bbox 509 1700 568 1762; x_wconf 90' lang='lat' dir='ltr'>sol.</span> <span class='ocrx_word' id='word_1_81' title='bbox 592 1697 644 1762; x_wconf 92' lang='lat' dir='ltr'>VI.</span> 
     </span>
    </p>

    <p class='ocr_par' dir='ltr' id='par_1_8' title="bbox 382 1803 1640 1975">
     <span class='ocr_line' id='line_1_12' title="bbox 481 1803 1640 1888; baseline 0 -21"><span class='ocrx_word' id='word_1_82' title='bbox 481 1803 559 1867; x_wconf 90' lang='lat' dir='ltr'>Item</span> <span class='ocrx_word' id='word_1_83' title='bbox 585 1805 699 1866; x_wconf 90' lang='lat' dir='ltr'>eodem</span> <span class='ocrx_word' id='word_1_84' title='bbox 725 1804 777 1866; x_wconf 90' lang='lat' dir='ltr'>die</span> <span class='ocrx_word' id='word_1_85' title='bbox 802 1805 876 1866; x_wconf 87' lang='lat' dir='ltr'>dedi</span> <span class='ocrx_word' id='word_1_86' title='bbox 902 1804 1032 1868; x_wconf 89' lang='lat' dir='ltr'>Thome</span> <span class='ocrx_word' id='word_1_87' title='bbox 1056 1805 1231 1867; x_wconf 88' lang='lat' dir='ltr'>castellano</span> <span class='ocrx_word' id='word_1_88' title='bbox 1255 1805 1295 1868; x_wconf 95' lang='lat' dir='ltr'>de</span> <span class='ocrx_word' id='word_1_89' title='bbox 1322 1806 1599 1888; x_wconf 85' lang='lat' dir='ltr'>Hrazthowycza.</span> <span class='ocrx_word' id='word_1_90' title='bbox 1616 1855 1640 1867; x_wconf 94' lang='lat'>..</span> 
     </span>
     <span class='ocr_line' id='line_1_13' title="bbox 382 1908 604 1975; baseline 0.018 -4"><span class='ocrx_word' id='word_1_91' title='bbox 382 1911 440 1973; x_wconf 93' lang='lat' dir='ltr'>sol.</span> <span class='ocrx_word' id='word_1_92' title='bbox 464 1908 604 1975; x_wconf 78' lang='lat' dir='ltr'>xxxlr.</span> 
     </span>
    </p>

    <p class='ocr_par' dir='ltr' id='par_1_9' title="bbox 482 2014 1641 2099">
     <span class='ocr_line' id='line_1_14' title="bbox 482 2014 1641 2099; baseline 0.003 -22"><span class='ocrx_word' id='word_1_93' title='bbox 482 2015 560 2078; x_wconf 88' lang='lat' dir='ltr'>Item</span> <span class='ocrx_word' id='word_1_94' title='bbox 579 2016 681 2077; x_wconf 90' lang='lat' dir='ltr'>Paulo</span> <span class='ocrx_word' id='word_1_95' title='bbox 696 2016 790 2099; x_wconf 87' lang='lat' dir='ltr'>Allye</span> <span class='ocrx_word' id='word_1_96' title='bbox 803 2016 951 2078; x_wconf 88' lang='lat' dir='ltr'>slmiliter</span> <span class='ocrx_word' id='word_1_97' title='bbox 968 2018 1145 2079; x_wconf 89' lang='lat' dir='ltr'>castellano</span> <span class='ocrx_word' id='word_1_98' title='bbox 1158 2017 1197 2078; x_wconf 89' lang='lat' dir='ltr'>de</span> <span class='ocrx_word' id='word_1_99' title='bbox 1215 2017 1326 2079; x_wconf 90' lang='lat' dir='ltr'>eadem</span> <span class='ocrx_word' id='word_1_100' title='bbox 1347 2065 1353 2078; x_wconf 93' lang='lat'><strong>.</strong></span> <span class='ocrx_word' id='word_1_101' title='bbox 1373 2067 1379 2079; x_wconf 95' lang='lat'><em>.</em></span> <span class='ocrx_word' id='word_1_102' title='bbox 1398 2067 1405 2080; x_wconf 87' lang='lat'><em>.</em></span> <span class='ocrx_word' id='word_1_103' title='bbox 1430 2018 1488 2081; x_wconf 91' lang='lat' dir='ltr'>sol.</span> <span class='ocrx_word' id='word_1_104' title='bbox 1501 2014 1641 2082; x_wconf 70' lang='lat' dir='ltr'>XXXII0.</span> 
     </span>
    </p>

    <p class='ocr_par' dir='ltr' id='par_1_10' title="bbox 482 2121 1472 2207">
     <span class='ocr_line' id='line_1_15' title="bbox 482 2121 1472 2207; baseline 0.001 -23"><span class='ocrx_word' id='word_1_105' title='bbox 482 2123 560 2184; x_wconf 84' lang='lat' dir='ltr'>Item</span> <span class='ocrx_word' id='word_1_106' title='bbox 586 2123 701 2185; x_wconf 89' lang='lat' dir='ltr'>eodem</span> <span class='ocrx_word' id='word_1_107' title='bbox 726 2122 778 2184; x_wconf 90' lang='lat' dir='ltr'>die</span> <span class='ocrx_word' id='word_1_108' title='bbox 803 2123 866 2184; x_wconf 90' lang='lat' dir='ltr'>erni</span> <span class='ocrx_word' id='word_1_109' title='bbox 891 2123 932 2184; x_wconf 94' lang='lat' dir='ltr'>ad</span> <span class='ocrx_word' id='word_1_110' title='bbox 956 2137 1093 2185; x_wconf 90' lang='lat' dir='ltr'>castrum</span> <span class='ocrx_word' id='word_1_111' title='bbox 1123 2124 1301 2207; x_wconf 88' lang='lat' dir='ltr'>pisces...</span> <span class='ocrx_word' id='word_1_112' title='bbox 1325 2123 1384 2187; x_wconf 86' lang='lat' dir='ltr'>sol.</span> <span class='ocrx_word' id='word_1_113' title='bbox 1408 2121 1472 2186; x_wconf 89' lang='lat' dir='ltr'>XII.</span> 
     </span>
    </p>
   </div>
   <div class='ocr_carea' id='block_1_4' title="bbox 377 2247 1640 2650">
    <p class='ocr_par' dir='ltr' id='par_1_11' title="bbox 377 2247 1640 2419">
     <span class='ocr_line' id='line_1_16' title="bbox 485 2247 1640 2334; baseline 0 -24"><span class='ocrx_word' id='word_1_114' title='bbox 485 2247 563 2310; x_wconf 90' lang='lat' dir='ltr'>Item</span> <span class='ocrx_word' id='word_1_115' title='bbox 588 2247 664 2309; x_wconf 93' lang='lat' dir='ltr'>dedi</span> <span class='ocrx_word' id='word_1_116' title='bbox 687 2248 853 2334; x_wconf 89' lang='lat' dir='ltr'>waywode</span> <span class='ocrx_word' id='word_1_117' title='bbox 885 2249 1052 2332; x_wconf 89' lang='lat' dir='ltr'>provincie</span> <span class='ocrx_word' id='word_1_118' title='bbox 1085 2249 1291 2312; x_wconf 89' lang='lat' dir='ltr'>Chasmensis</span> <span class='ocrx_word' id='word_1_119' title='bbox 1315 2268 1374 2331; x_wconf 93' lang='lat' dir='ltr'>pro</span> <span class='ocrx_word' id='word_1_120' title='bbox 1407 2249 1544 2312; x_wconf 90' lang='lat' dir='ltr'>emendo</span> <span class='ocrx_word' id='word_1_121' title='bbox 1584 2250 1640 2310; x_wconf 89' lang='lat' dir='ltr'>bu·</span> 
     </span>
     <span class='ocr_line' id='line_1_17' title="bbox 377 2352 851 2419; baseline 0.004 -3"><span class='ocrx_word' id='word_1_122' title='bbox 377 2355 439 2416; x_wconf 89' lang='lat' dir='ltr'>tiro</span> <span class='ocrx_word' id='word_1_123' title='bbox 464 2369 495 2418; x_wconf 87' lang='lat' dir='ltr'>et</span> <span class='ocrx_word' id='word_1_124' title='bbox 519 2354 692 2418; x_wconf 90' lang='lat' dir='ltr'>melle...</span> <span class='ocrx_word' id='word_1_125' title='bbox 722 2355 782 2419; x_wconf 90' lang='lat' dir='ltr'>sol.</span> <span class='ocrx_word' id='word_1_126' title='bbox 804 2352 851 2418; x_wconf 77' lang='lat' dir='ltr'>II‘.</span> 
     </span>
    </p>

    <p class='ocr_par' dir='ltr' id='par_1_12' title="bbox 482 2458 1525 2546">
     <span class='ocr_line' id='line_1_18' title="bbox 482 2458 1525 2546; baseline 0.001 -24"><span class='ocrx_word' id='word_1_127' title='bbox 482 2461 560 2522; x_wconf 90' lang='lat' dir='ltr'>Item</span> <span class='ocrx_word' id='word_1_128' title='bbox 586 2461 732 2522; x_wconf 86' lang='lat' dir='ltr'>BenIroni</span> <span class='ocrx_word' id='word_1_129' title='bbox 757 2461 868 2523; x_wconf 90' lang='lat' dir='ltr'>curiali</span> <span class='ocrx_word' id='word_1_130' title='bbox 894 2461 933 2522; x_wconf 92' lang='lat' dir='ltr'>de</span> <span class='ocrx_word' id='word_1_131' title='bbox 956 2459 1103 2546; x_wconf 85' lang='lat' dir='ltr'>lwanych</span> <span class='ocrx_word' id='word_1_132' title='bbox 1128 2461 1279 2524; x_wconf 92' lang='lat' dir='ltr'>dedi...</span> <span class='ocrx_word' id='word_1_133' title='bbox 1302 2461 1360 2524; x_wconf 93' lang='lat' dir='ltr'>sol.</span> <span class='ocrx_word' id='word_1_134' title='bbox 1385 2458 1438 2525; x_wconf 72' lang='lat' dir='ltr'>X0.</span> <span class='ocrx_word' id='word_1_135' title='bbox 1520 2525 1525 2536; x_wconf 70' lang='grc'><strong>,</strong></span> 
     </span>
    </p>

    <p class='ocr_par' dir='ltr' id='par_1_13' title="bbox 483 2566 1385 2650">
     <span class='ocr_line' id='line_1_19' title="bbox 483 2566 1385 2650; baseline 0.003 -21"><span class='ocrx_word' id='word_1_136' title='bbox 483 2568 561 2630; x_wconf 90' lang='lat' dir='ltr'>Item</span> <span class='ocrx_word' id='word_1_137' title='bbox 587 2568 681 2630; x_wconf 88' lang='lat' dir='ltr'>Petro</span> <span class='ocrx_word' id='word_1_138' title='bbox 704 2566 834 2650; x_wconf 88' lang='lat' dir='ltr'>pellifici</span> <span class='ocrx_word' id='word_1_139' title='bbox 860 2567 899 2630; x_wconf 89' lang='lat' dir='ltr'>de</span> <span class='ocrx_word' id='word_1_140' title='bbox 924 2568 1064 2631; x_wconf 90' lang='lat' dir='ltr'>Chasma</span> <span class='ocrx_word' id='word_1_141' title='bbox 1088 2568 1239 2633; x_wconf 89' lang='lat' dir='ltr'>dedi...</span> <span class='ocrx_word' id='word_1_142' title='bbox 1265 2570 1324 2632; x_wconf 91' lang='lat' dir='ltr'>sol.</span> <span class='ocrx_word' id='word_1_143' title='bbox 1350 2570 1385 2634; x_wconf 92' lang='lat' dir='ltr'>L.</span> 
     </span>
    </p>
   </div>
   <div class='ocr_carea' id='block_1_5' title="bbox 377 2691 1641 3521">
    <p class='ocr_par' dir='ltr' id='par_1_14' title="bbox 378 2691 1641 2970">
     <span class='ocr_line' id='line_1_20' title="bbox 482 2691 1641 2776; baseline -0.002 -20"><span class='ocrx_word' id='word_1_144' title='bbox 482 2692 560 2756; x_wconf 92' lang='lat' dir='ltr'>Item</span> <span class='ocrx_word' id='word_1_145' title='bbox 586 2693 618 2753; x_wconf 92' lang='lat' dir='ltr'>in</span> <span class='ocrx_word' id='word_1_146' title='bbox 643 2691 725 2754; x_wconf 88' lang='lat' dir='ltr'>festo</span> <span class='ocrx_word' id='word_1_147' title='bbox 749 2693 832 2754; x_wconf 88' lang='lat' dir='ltr'>beati</span> <span class='ocrx_word' id='word_1_148' title='bbox 851 2691 1008 2755; x_wconf 88' lang='lat' dir='ltr'>lobannis</span> <span class='ocrx_word' id='word_1_149' title='bbox 1024 2694 1166 2776; x_wconf 88' lang='lat' dir='ltr'>Baptiste</span> <span class='ocrx_word' id='word_1_150' title='bbox 1189 2713 1247 2776; x_wconf 92' lang='lat' dir='ltr'>per</span> <span class='ocrx_word' id='word_1_151' title='bbox 1264 2693 1458 2776; x_wconf 85' lang='lat' dir='ltr'>Gregorium</span> <span class='ocrx_word' id='word_1_152' title='bbox 1485 2693 1641 2754; x_wconf 88' lang='lat' dir='ltr'>Tharnolr</span> 
     </span>
     <span class='ocr_line' id='line_1_21' title="bbox 378 2797 1641 2882; baseline 0.001 -21"><span class='ocrx_word' id='word_1_153' title='bbox 378 2800 450 2861; x_wconf 91' lang='lat' dir='ltr'>misi</span> <span class='ocrx_word' id='word_1_154' title='bbox 476 2800 665 2880; x_wconf 81' lang='lat' dir='ltr'>Zagrabiam</span> <span class='ocrx_word' id='word_1_155' title='bbox 690 2798 819 2860; x_wconf 90' lang='lat' dir='ltr'>cuidam</span> <span class='ocrx_word' id='word_1_156' title='bbox 845 2797 1008 2860; x_wconf 78' lang='lat' dir='ltr'>aurifabro</span> <span class='ocrx_word' id='word_1_157' title='bbox 1032 2818 1091 2882; x_wconf 90' lang='lat' dir='ltr'>pro</span> <span class='ocrx_word' id='word_1_158' title='bbox 1115 2799 1281 2862; x_wconf 82' lang='lat' dir='ltr'>laboribus</span> <span class='ocrx_word' id='word_1_159' title='bbox 1304 2801 1337 2862; x_wconf 95' lang='lat' dir='ltr'>in</span> <span class='ocrx_word' id='word_1_160' title='bbox 1363 2820 1455 2863; x_wconf 89' lang='lat' dir='ltr'>cruce</span> <span class='ocrx_word' id='word_1_161' title='bbox 1479 2799 1570 2861; x_wconf 86' lang='lat' dir='ltr'>lactis</span> <span class='ocrx_word' id='word_1_162' title='bbox 1586 2849 1593 2864; x_wconf 93' lang='lat'><strong><em>.</em></strong></span> <span class='ocrx_word' id='word_1_163' title='bbox 1611 2850 1641 2863; x_wconf 93' lang='lat'>..</span> 
     </span>
     <span class='ocr_line' id='line_1_22' title="bbox 378 2904 554 2970; baseline 0.023 -4"><span class='ocrx_word' id='word_1_164' title='bbox 378 2905 447 2970; x_wconf 93' lang='lat' dir='ltr'>flor.</span> <span class='ocrx_word' id='word_1_165' title='bbox 473 2904 554 2970; x_wconf 91' lang='lat' dir='ltr'>XVI.</span> 
     </span>
    </p>

    <p class='ocr_par' dir='ltr' id='par_1_15' title="bbox 377 3012 1640 3202">
     <span class='ocr_line' id='line_1_23' title="bbox 484 3012 1640 3096; baseline 0.001 -21"><span class='ocrx_word' id='word_1_166' title='bbox 484 3013 607 3075; x_wconf 89' lang='lat' dir='ltr'>Eodem</span> <span class='ocrx_word' id='word_1_167' title='bbox 626 3013 678 3073; x_wconf 92' lang='lat' dir='ltr'>die</span> <span class='ocrx_word' id='word_1_168' title='bbox 696 3013 803 3075; x_wconf 89' lang='lat' dir='ltr'>remisi</span> <span class='ocrx_word' id='word_1_169' title='bbox 820 3012 1029 3075; x_wconf 81' lang='lat' dir='ltr'>Valentinum</span> <span class='ocrx_word' id='word_1_170' title='bbox 1046 3032 1180 3096; x_wconf 86' lang='lat' dir='ltr'>parvum</span> <span class='ocrx_word' id='word_1_171' title='bbox 1198 3013 1281 3075; x_wconf 91' lang='lat' dir='ltr'>circa</span> <span class='ocrx_word' id='word_1_172' title='bbox 1297 3012 1467 3076; x_wconf 90' lang='lat' dir='ltr'>dominum</span> <span class='ocrx_word' id='word_1_173' title='bbox 1486 3027 1516 3076; x_wconf 92' lang='lat' dir='ltr'>et</span> <span class='ocrx_word' id='word_1_174' title='bbox 1533 3014 1640 3076; x_wconf 91' lang='lat' dir='ltr'>eidem</span> 
     </span>
     <span class='ocr_line' id='line_1_24' title="bbox 377 3119 905 3202; baseline 0.002 -22"><span class='ocrx_word' id='word_1_175' title='bbox 377 3119 417 3180; x_wconf 91' lang='lat' dir='ltr'>ad</span> <span class='ocrx_word' id='word_1_176' title='bbox 442 3139 596 3202; x_wconf 85' lang='lat' dir='ltr'>expensas</span> <span class='ocrx_word' id='word_1_177' title='bbox 615 3119 714 3182; x_wconf 90' lang='lat' dir='ltr'>dedi.</span> <span class='ocrx_word' id='word_1_178' title='bbox 757 3168 763 3182; x_wconf 95' lang='lat'><em>.</em></span> <span class='ocrx_word' id='word_1_179' title='bbox 787 3119 846 3182; x_wconf 89' lang='lat' dir='ltr'>sol.</span> <span class='ocrx_word' id='word_1_180' title='bbox 870 3119 905 3182; x_wconf 73' lang='lat'>1⁶.</span> 
     </span>
    </p>

    <p class='ocr_par' dir='ltr' id='par_1_16' title="bbox 378 3225 1641 3416">
     <span class='ocr_line' id='line_1_25' title="bbox 484 3225 1641 3310; baseline 0.002 -22"><span class='ocrx_word' id='word_1_181' title='bbox 484 3225 562 3289; x_wconf 91' lang='lat' dir='ltr'>Item</span> <span class='ocrx_word' id='word_1_182' title='bbox 589 3227 705 3289; x_wconf 91' lang='lat' dir='ltr'>eodem</span> <span class='ocrx_word' id='word_1_183' title='bbox 730 3228 783 3288; x_wconf 93' lang='lat' dir='ltr'>die</span> <span class='ocrx_word' id='word_1_184' title='bbox 808 3227 879 3287; x_wconf 90' lang='lat' dir='ltr'>misi</span> <span class='ocrx_word' id='word_1_185' title='bbox 905 3227 1105 3288; x_wconf 88' lang='lat' dir='ltr'>Demetrium</span> <span class='ocrx_word' id='word_1_186' title='bbox 1138 3246 1271 3310; x_wconf 88' lang='lat' dir='ltr'>parvum</span> <span class='ocrx_word' id='word_1_187' title='bbox 1298 3227 1380 3289; x_wconf 83' lang='lat' dir='ltr'>circa</span> <span class='ocrx_word' id='word_1_188' title='bbox 1407 3228 1549 3290; x_wconf 89' lang='lat' dir='ltr'>Blasium</span> <span class='ocrx_word' id='word_1_189' title='bbox 1574 3228 1641 3290; x_wconf 89' lang='lat' dir='ltr'>Ma·</span> 
     </span>
     <span class='ocr_line' id='line_1_26' title="bbox 378 3333 1215 3416; baseline 0.007 -22"><span class='ocrx_word' id='word_1_190' title='bbox 378 3353 467 3415; x_wconf 87' lang='lat' dir='ltr'>gyar,</span> <span class='ocrx_word' id='word_1_191' title='bbox 492 3347 524 3395; x_wconf 92' lang='lat' dir='ltr'>et</span> <span class='ocrx_word' id='word_1_192' title='bbox 548 3333 653 3396; x_wconf 91' lang='lat' dir='ltr'>eidem</span> <span class='ocrx_word' id='word_1_193' title='bbox 678 3333 718 3394; x_wconf 90' lang='lat' dir='ltr'>ad</span> <span class='ocrx_word' id='word_1_194' title='bbox 744 3353 897 3416; x_wconf 87' lang='lat' dir='ltr'>expensas</span> <span class='ocrx_word' id='word_1_195' title='bbox 926 3333 1073 3397; x_wconf 91' lang='lat' dir='ltr'>dedi...</span> <span class='ocrx_word' id='word_1_196' title='bbox 1097 3333 1157 3397; x_wconf 92' lang='lat' dir='ltr'>sol.</span> <span class='ocrx_word' id='word_1_197' title='bbox 1182 3333 1215 3400; x_wconf 70' lang='lat' dir='ltr'>Ie</span> 
     </span>
    </p>

    <p class='ocr_par' dir='ltr' id='par_1_17' title="bbox 485 3437 1640 3521">
     <span class='ocr_line' id='line_1_27' title="bbox 485 3437 1640 3521; baseline -0.001 -20"><span class='ocrx_word' id='word_1_198' title='bbox 485 3439 563 3501; x_wconf 90' lang='lat' dir='ltr'>Item</span> <span class='ocrx_word' id='word_1_199' title='bbox 581 3439 658 3500; x_wconf 84' lang='lat' dir='ltr'>feria</span> <span class='ocrx_word' id='word_1_200' title='bbox 676 3454 788 3521; x_wconf 86' lang='lat' dir='ltr'>quarta</span> <span class='ocrx_word' id='word_1_201' title='bbox 805 3455 878 3501; x_wconf 90' lang='lat' dir='ltr'>ante</span> <span class='ocrx_word' id='word_1_202' title='bbox 896 3437 1012 3501; x_wconf 85' lang='lat' dir='ltr'>festum</span> <span class='ocrx_word' id='word_1_203' title='bbox 1028 3439 1168 3501; x_wconf 88' lang='lat' dir='ltr'>Ladislai</span> <span class='ocrx_word' id='word_1_204' title='bbox 1193 3440 1225 3501; x_wconf 92' lang='lat' dir='ltr'>in</span> <span class='ocrx_word' id='word_1_205' title='bbox 1244 3438 1402 3502; x_wconf 90' lang='lat' dir='ltr'>Gemlech</span> <span class='ocrx_word' id='word_1_206' title='bbox 1426 3438 1501 3500; x_wconf 92' lang='lat' dir='ltr'>dedi</span> <span class='ocrx_word' id='word_1_207' title='bbox 1520 3438 1640 3501; x_wconf 90' lang='lat' dir='ltr'>Mathie</span> 
     </span>
    </p>
   </div>
   <div class='ocr_carea' id='block_1_6' title="bbox 382 3546 692 3611">
    <p class='ocr_par' dir='ltr' id='par_1_18' title="bbox 382 3546 692 3611">
     <span class='ocr_line' id='line_1_28' title="bbox 382 3546 692 3611; baseline 0 -1"><span class='ocrx_word' id='word_1_208' title='bbox 382 3547 473 3610; x_wconf 91' lang='lat' dir='ltr'>Cheh</span> <span class='ocrx_word' id='word_1_209' title='bbox 491 3596 498 3611; x_wconf 93' lang='lat'><strong>.</strong></span> <span class='ocrx_word' id='word_1_210' title='bbox 516 3596 522 3608; x_wconf 93' lang='lat'>.</span> <span class='ocrx_word' id='word_1_211' title='bbox 541 3593 549 3606; x_wconf 90' lang='lat'><strong>.</strong></span> <span class='ocrx_word' id='word_1_212' title='bbox 577 3547 635 3610; x_wconf 91' lang='lat' dir='ltr'>sol.</span> <span class='ocrx_word' id='word_1_213' title='bbox 658 3546 692 3610; x_wconf 80' lang='lat'>1⁰.</span> 
     </span>
    </p>
   </div>
   <div class='ocr_carea' id='block_1_7' title="bbox 378 3669 1641 4178">
    <p class='ocr_par' dir='ltr' id='par_1_19' title="bbox 484 3669 1009 3753">
     <span class='ocr_line' id='line_1_29' title="bbox 484 3669 1009 3753; baseline 0.004 -21"><span class='ocrx_word' id='word_1_214' title='bbox 484 3671 633 3733; x_wconf 86' lang='lat' dir='ltr'>Michaeli</span> <span class='ocrx_word' id='word_1_215' title='bbox 658 3690 784 3753; x_wconf 82' lang='lat' dir='ltr'>pugnat</span> <span class='ocrx_word' id='word_1_216' title='bbox 800 3719 807 3734; x_wconf 91' lang='lat'><strong>.</strong></span> <span class='ocrx_word' id='word_1_217' title='bbox 826 3719 857 3733; x_wconf 91' lang='lat'>..</span> <span class='ocrx_word' id='word_1_218' title='bbox 890 3671 950 3733; x_wconf 91' lang='lat' dir='ltr'>sol.</span> <span class='ocrx_word' id='word_1_219' title='bbox 974 3669 1009 3734; x_wconf 78' lang='lat'>1⁰.</span> 
     </span>
    </p>

    <p class='ocr_par' dir='ltr' id='par_1_20' title="bbox 380 3777 1640 3965">
     <span class='ocr_line' id='line_1_30' title="bbox 485 3777 1640 3860; baseline -0.002 -20"><span class='ocrx_word' id='word_1_220' title='bbox 485 3779 562 3840; x_wconf 86' lang='lat' dir='ltr'>Item</span> <span class='ocrx_word' id='word_1_221' title='bbox 596 3779 627 3839; x_wconf 91' lang='lat' dir='ltr'>In</span> <span class='ocrx_word' id='word_1_222' title='bbox 658 3778 770 3859; x_wconf 83' lang='lat' dir='ltr'>vigilia</span> <span class='ocrx_word' id='word_1_223' title='bbox 802 3780 970 3840; x_wconf 89' lang='lat' dir='ltr'>beatorum</span> <span class='ocrx_word' id='word_1_224' title='bbox 1002 3777 1087 3838; x_wconf 91' lang='lat' dir='ltr'>Petri</span> <span class='ocrx_word' id='word_1_225' title='bbox 1120 3791 1151 3839; x_wconf 89' lang='lat' dir='ltr'>et</span> <span class='ocrx_word' id='word_1_226' title='bbox 1183 3777 1273 3838; x_wconf 87' lang='lat' dir='ltr'>Pauli</span> <span class='ocrx_word' id='word_1_227' title='bbox 1308 3777 1540 3860; x_wconf 88' lang='lat' dir='ltr'>apostolorum,</span> <span class='ocrx_word' id='word_1_228' title='bbox 1565 3777 1640 3838; x_wconf 89' lang='lat' dir='ltr'>dedi</span> 
     </span>
     <span class='ocr_line' id='line_1_31' title="bbox 380 3883 1526 3965; baseline -0.001 -19"><span class='ocrx_word' id='word_1_229' title='bbox 380 3885 608 3947; x_wconf 87' lang='lat' dir='ltr'>Prebendariis</span> <span class='ocrx_word' id='word_1_230' title='bbox 630 3884 871 3946; x_wconf 89' lang='lat' dir='ltr'>chasmensibus</span> <span class='ocrx_word' id='word_1_231' title='bbox 894 3903 953 3965; x_wconf 92' lang='lat' dir='ltr'>pro</span> <span class='ocrx_word' id='word_1_232' title='bbox 978 3883 1177 3945; x_wconf 89' lang='lat' dir='ltr'>celebrandis</span> <span class='ocrx_word' id='word_1_233' title='bbox 1209 3884 1314 3945; x_wconf 89' lang='lat' dir='ltr'>missis</span> <span class='ocrx_word' id='word_1_234' title='bbox 1329 3933 1336 3946; x_wconf 95' lang='lat'><em>.</em></span> <span class='ocrx_word' id='word_1_235' title='bbox 1353 3930 1386 3948; x_wconf 88' lang='lat'>..</span> <span class='ocrx_word' id='word_1_236' title='bbox 1410 3884 1469 3947; x_wconf 91' lang='lat' dir='ltr'>sol.</span> <span class='ocrx_word' id='word_1_237' title='bbox 1492 3883 1526 3946; x_wconf 76' lang='lat'>1⁰.</span> 
     </span>
    </p>

    <p class='ocr_par' dir='ltr' id='par_1_21' title="bbox 378 3988 1641 4178">
     <span class='ocr_line' id='line_1_32' title="bbox 482 3988 1641 4054; baseline -0.003 -1"><span class='ocrx_word' id='word_1_238' title='bbox 482 3988 563 4054; x_wconf 90' lang='lat' dir='ltr'>Item</span> <span class='ocrx_word' id='word_1_239' title='bbox 588 3993 620 4052; x_wconf 86' lang='lat' dir='ltr'>in</span> <span class='ocrx_word' id='word_1_240' title='bbox 653 3989 735 4053; x_wconf 89' lang='lat' dir='ltr'>Iesto</span> <span class='ocrx_word' id='word_1_241' title='bbox 767 3990 850 4051; x_wconf 88' lang='lat' dir='ltr'>Petri</span> <span class='ocrx_word' id='word_1_242' title='bbox 883 3990 953 4050; x_wconf 89' lang='lat' dir='ltr'>misi</span> <span class='ocrx_word' id='word_1_243' title='bbox 988 3989 1167 4051; x_wconf 88' lang='lat' dir='ltr'>lohannem</span> <span class='ocrx_word' id='word_1_244' title='bbox 1200 3990 1355 4051; x_wconf 89' lang='lat' dir='ltr'>Horwath</span> <span class='ocrx_word' id='word_1_245' title='bbox 1389 3991 1429 4051; x_wconf 90' lang='lat' dir='ltr'>sd</span> <span class='ocrx_word' id='word_1_246' title='bbox 1455 3988 1641 4051; x_wconf 90' lang='lat' dir='ltr'>Pechwara-</span> 
     </span>
     <span class='ocr_line' id='line_1_33' title="bbox 378 4094 1115 4178; baseline 0 -21"><span class='ocrx_word' id='word_1_247' title='bbox 378 4096 503 4176; x_wconf 84' lang='lat' dir='ltr'>diuum,</span> <span class='ocrx_word' id='word_1_248' title='bbox 528 4096 602 4158; x_wconf 90' lang='lat' dir='ltr'>dedi</span> <span class='ocrx_word' id='word_1_249' title='bbox 627 4097 656 4159; x_wconf 91' lang='lat' dir='ltr'>ei</span> <span class='ocrx_word' id='word_1_250' title='bbox 681 4097 720 4158; x_wconf 90' lang='lat' dir='ltr'>sd</span> <span class='ocrx_word' id='word_1_251' title='bbox 741 4099 974 4178; x_wconf 85' lang='lat' dir='ltr'>expensas...</span> <span class='ocrx_word' id='word_1_252' title='bbox 997 4097 1057 4158; x_wconf 88' lang='lat' dir='ltr'>sol.</span> <span class='ocrx_word' id='word_1_253' title='bbox 1082 4094 1115 4158; x_wconf 74' lang='lat'>1⁰.</span> 
     </span>
    </p>
   </div>
   <div class='ocr_carea' id='block_1_8' title="bbox 378 4219 1640 4727">
    <p class='ocr_par' dir='ltr' id='par_1_22' title="bbox 378 4219 1640 4409">
     <span class='ocr_line' id='line_1_34' title="bbox 483 4219 1640 4302; baseline 0.001 -21"><span class='ocrx_word' id='word_1_254' title='bbox 483 4219 560 4281; x_wconf 90' lang='lat' dir='ltr'>Item</span> <span class='ocrx_word' id='word_1_255' title='bbox 585 4221 617 4281; x_wconf 92' lang='lat' dir='ltr'>in</span> <span class='ocrx_word' id='word_1_256' title='bbox 643 4220 752 4302; x_wconf 83' lang='lat' dir='ltr'>vigilia</span> <span class='ocrx_word' id='word_1_257' title='bbox 771 4219 975 4282; x_wconf 88' lang='lat' dir='ltr'>Visitacionis</span> <span class='ocrx_word' id='word_1_258' title='bbox 1000 4220 1101 4282; x_wconf 91' lang='lat' dir='ltr'>Marie</span> <span class='ocrx_word' id='word_1_259' title='bbox 1123 4221 1194 4281; x_wconf 89' lang='lat' dir='ltr'>misi</span> <span class='ocrx_word' id='word_1_260' title='bbox 1211 4220 1386 4301; x_wconf 89' lang='lat' dir='ltr'>quemdam</span> <span class='ocrx_word' id='word_1_261' title='bbox 1413 4219 1582 4282; x_wconf 89' lang='lat' dir='ltr'>hominem</span> <span class='ocrx_word' id='word_1_262' title='bbox 1600 4221 1640 4283; x_wconf 95' lang='lat' dir='ltr'>ad</span> 
     </span>
     <span class='ocr_line' id='line_1_35' title="bbox 378 4325 1576 4409; baseline 0.003 -23"><span class='ocrx_word' id='word_1_263' title='bbox 378 4325 546 4388; x_wconf 81' lang='lat' dir='ltr'>selendum</span> <span class='ocrx_word' id='word_1_264' title='bbox 571 4345 655 4387; x_wconf 88' lang='lat' dir='ltr'>nova</span> <span class='ocrx_word' id='word_1_265' title='bbox 680 4327 761 4387; x_wconf 86' lang='lat' dir='ltr'>clrca</span> <span class='ocrx_word' id='word_1_266' title='bbox 785 4326 934 4403; x_wconf 88' lang='lat' dir='ltr'>Warasd,</span> <span class='ocrx_word' id='word_1_267' title='bbox 960 4326 1007 4387; x_wconf 92' lang='lat' dir='ltr'>illi</span> <span class='ocrx_word' id='word_1_268' title='bbox 1033 4326 1106 4386; x_wconf 91' lang='lat' dir='ltr'>dedi</span> <span class='ocrx_word' id='word_1_269' title='bbox 1131 4347 1189 4408; x_wconf 96' lang='lat' dir='ltr'>pro</span> <span class='ocrx_word' id='word_1_270' title='bbox 1214 4327 1432 4409; x_wconf 84' lang='lat' dir='ltr'>expensis...</span> <span class='ocrx_word' id='word_1_271' title='bbox 1457 4327 1515 4390; x_wconf 91' lang='lat' dir='ltr'>sol.</span> <span class='ocrx_word' id='word_1_272' title='bbox 1540 4329 1576 4390; x_wconf 93' lang='lat' dir='ltr'>L.</span> 
     </span>
    </p>

    <p class='ocr_par' dir='ltr' id='par_1_23' title="bbox 483 4431 1431 4514">
     <span class='ocr_line' id='line_1_36' title="bbox 483 4431 1431 4514; baseline 0.002 -21"><span class='ocrx_word' id='word_1_273' title='bbox 483 4431 562 4494; x_wconf 84' lang='lat' dir='ltr'>Item</span> <span class='ocrx_word' id='word_1_274' title='bbox 587 4452 646 4514; x_wconf 94' lang='lat' dir='ltr'>pro</span> <span class='ocrx_word' id='word_1_275' title='bbox 672 4433 812 4494; x_wconf 79' lang='lat' dir='ltr'>Betthok</span> <span class='ocrx_word' id='word_1_276' title='bbox 836 4433 876 4493; x_wconf 92' lang='lat' dir='ltr'>ad</span> <span class='ocrx_word' id='word_1_277' title='bbox 902 4433 1080 4494; x_wconf 89' lang='lat' dir='ltr'>subsidium</span> <span class='ocrx_word' id='word_1_278' title='bbox 1107 4433 1259 4495; x_wconf 88' lang='lat' dir='ltr'>dedi...</span> <span class='ocrx_word' id='word_1_279' title='bbox 1283 4432 1342 4496; x_wconf 89' lang='lat' dir='ltr'>sol.</span> <span class='ocrx_word' id='word_1_280' title='bbox 1370 4433 1431 4496; x_wconf 77' lang='lat' dir='ltr'>VI0.</span> 
     </span>
    </p>

    <p class='ocr_par' dir='ltr' id='par_1_24' title="bbox 485 4535 1101 4620">
     <span class='ocr_line' id='line_1_37' title="bbox 485 4535 1101 4620; baseline 0.008 -21"><span class='ocrx_word' id='word_1_281' title='bbox 485 4539 684 4620; x_wconf 86' lang='lat' dir='ltr'>Pauperibus</span> <span class='ocrx_word' id='word_1_282' title='bbox 708 4538 928 4600; x_wconf 85' lang='lat' dir='ltr'>distribui...</span> <span class='ocrx_word' id='word_1_283' title='bbox 954 4539 1013 4602; x_wconf 91' lang='lat' dir='ltr'>sol.</span> <span class='ocrx_word' id='word_1_284' title='bbox 1036 4535 1101 4605; x_wconf 90' lang='lat' dir='ltr'>XII.</span> 
     </span>
    </p>

    <p class='ocr_par' dir='ltr' id='par_1_25' title="bbox 484 4644 1533 4727">
     <span class='ocr_line' id='line_1_38' title="bbox 484 4644 1533 4727; baseline 0.004 -20"><span class='ocrx_word' id='word_1_285' title='bbox 484 4646 609 4707; x_wconf 89' lang='lat' dir='ltr'>Eodem</span> <span class='ocrx_word' id='word_1_286' title='bbox 635 4645 687 4706; x_wconf 90' lang='lat' dir='ltr'>die</span> <span class='ocrx_word' id='word_1_287' title='bbox 713 4645 784 4706; x_wconf 85' lang='lat' dir='ltr'>dedi</span> <span class='ocrx_word' id='word_1_288' title='bbox 810 4665 868 4727; x_wconf 94' lang='lat' dir='ltr'>pro</span> <span class='ocrx_word' id='word_1_289' title='bbox 893 4645 1093 4707; x_wconf 87' lang='lat' dir='ltr'>celebrandis</span> <span class='ocrx_word' id='word_1_290' title='bbox 1121 4645 1297 4708; x_wconf 88' lang='lat' dir='ltr'>missis...</span> <span class='ocrx_word' id='word_1_291' title='bbox 1321 4647 1380 4710; x_wconf 91' lang='lat' dir='ltr'>sol.</span> <span class='ocrx_word' id='word_1_292' title='bbox 1404 4644 1533 4712; x_wconf 74' lang='lat' dir='ltr'>I⁰XXV.</span> 
     </span>
    </p>
   </div>
   <div class='ocr_carea' id='block_1_9' title="bbox 482 4769 1642 4854">
    <p class='ocr_par' dir='ltr' id='par_1_26' title="bbox 482 4769 1642 4854">
     <span class='ocr_line' id='line_1_39' title="bbox 482 4769 1642 4854; baseline 0.002 -22"><span class='ocrx_word' id='word_1_293' title='bbox 482 4770 560 4833; x_wconf 90' lang='lat' dir='ltr'>Item</span> <span class='ocrx_word' id='word_1_294' title='bbox 585 4770 701 4832; x_wconf 89' lang='lat' dir='ltr'>eodem</span> <span class='ocrx_word' id='word_1_295' title='bbox 727 4770 779 4832; x_wconf 84' lang='lat' dir='ltr'>dle</span> <span class='ocrx_word' id='word_1_296' title='bbox 803 4769 932 4832; x_wconf 91' lang='lat' dir='ltr'>cuidam</span> <span class='ocrx_word' id='word_1_297' title='bbox 951 4771 1045 4833; x_wconf 89' lang='lat' dir='ltr'>Petro</span> <span class='ocrx_word' id='word_1_298' title='bbox 1068 4769 1227 4852; x_wconf 90' lang='lat' dir='ltr'>cordipari</span> <span class='ocrx_word' id='word_1_299' title='bbox 1245 4790 1304 4852; x_wconf 89' lang='lat' dir='ltr'>pro</span> <span class='ocrx_word' id='word_1_300' title='bbox 1328 4769 1484 4834; x_wconf 84' lang='lat' dir='ltr'>faciendis</span> <span class='ocrx_word' id='word_1_301' title='bbox 1508 4773 1642 4854; x_wconf 87' lang='lat' dir='ltr'>quibus-</span> 
     </span>
    </p>
   </div>
   <div class='ocr_carea' id='block_1_10' title="bbox 378 4876 1643 5047">
    <p class='ocr_par' dir='ltr' id='par_1_27' title="bbox 378 4876 1643 5049">
     <span class='ocr_line' id='line_1_40' title="bbox 379 4876 1643 4963; baseline 0.001 -25"><span class='ocrx_word' id='word_1_302' title='bbox 379 4877 453 4938; x_wconf 90' lang='lat' dir='ltr'>dam</span> <span class='ocrx_word' id='word_1_303' title='bbox 479 4876 605 4938; x_wconf 90' lang='lat' dir='ltr'>duabus</span> <span class='ocrx_word' id='word_1_304' title='bbox 629 4877 753 4957; x_wconf 85' lang='lat' dir='ltr'>magnis</span> <span class='ocrx_word' id='word_1_305' title='bbox 777 4876 883 4938; x_wconf 90' lang='lat' dir='ltr'>cordis</span> <span class='ocrx_word' id='word_1_306' title='bbox 916 4876 955 4937; x_wconf 91' lang='lat' dir='ltr'>de</span> <span class='ocrx_word' id='word_1_307' title='bbox 988 4896 1122 4958; x_wconf 89' lang='lat' dir='ltr'>canapo,</span> <span class='ocrx_word' id='word_1_308' title='bbox 1145 4895 1225 4959; x_wconf 91' lang='lat' dir='ltr'>quas</span> <span class='ocrx_word' id='word_1_309' title='bbox 1257 4878 1324 4959; x_wconf 92' lang='lat' dir='ltr'>ipse</span> <span class='ocrx_word' id='word_1_310' title='bbox 1349 4877 1424 4940; x_wconf 88' lang='lat' dir='ltr'>fecit</span> <span class='ocrx_word' id='word_1_311' title='bbox 1447 4891 1478 4939; x_wconf 88' lang='lat' dir='ltr'>et</span> <span class='ocrx_word' id='word_1_312' title='bbox 1501 4879 1643 4963; x_wconf 90' lang='lat' dir='ltr'>portavit</span> 
     </span>
     <span class='ocr_line' id='line_1_41' title="bbox 378 4979 965 5047; baseline 0.003 -3"><span class='ocrx_word' id='word_1_313' title='bbox 378 4983 419 5044; x_wconf 90' lang='lat' dir='ltr'>ad</span> <span class='ocrx_word' id='word_1_314' title='bbox 444 4999 581 5044; x_wconf 90' lang='lat' dir='ltr'>castrum</span> <span class='ocrx_word' id='word_1_315' title='bbox 607 4983 681 5044; x_wconf 91' lang='lat' dir='ltr'>dedi</span> <span class='ocrx_word' id='word_1_316' title='bbox 787 4983 845 5046; x_wconf 92' lang='lat' dir='ltr'>sol.</span> <span class='ocrx_word' id='word_1_317' title='bbox 868 4979 965 5047; x_wconf 75' lang='lat' dir='ltr'>I⁶XX.</span> 
     </span>
    </p>
   </div>
   <div class='ocr_carea' id='block_1_11' title="bbox 0 0 1924 5800">
    <p class='ocr_par' dir='ltr' id='par_1_28' title="bbox 0 0 1924 5800">
     <span class='ocr_line' id='line_1_42' title="bbox 0 0 1924 5800; baseline 0 0"><span class='ocrx_word' id='word_1_318' title='bbox 0 0 1924 5800; x_wconf 95' lang='lat' dir='ltr'> </span> 
     </span>
    </p>
   </div>
  </div>
 </body>
</html>
