3842 5802
588 1639 716 1732 (Anno
752 1637 911 1726 Domini
947 1636 1265 1741 nosocomo.

299 2029 340 2106 ln
369 2054 463 2107 anno
502 2029 646 2108 Domini
682 2030 872 2107 millesimo
910 2029 1267 2130 quadringentesimo
1296 2032 1565 2132 octuagesimo,

298 2165 467 2256 ternpore
490 2155 672 2254 judicatus
702 2153 815 2231 Blasii
843 2154 902 2230 filii
933 2154 1099 2231 Lazarini
1125 2155 1287 2230 moderni
1310 2155 1452 2253 judicis,
1481 2179 1563 2255 pre-

298 2301 385 2354 sens
413 2279 601 2356 katernum
630 2278 851 2355 estfactum
880 2277 972 2354 feria
1000 2277 1159 2354 secunda
1187 2287 1272 2354 ante
1299 2277 1432 2354 festum
1463 2277 1562 2354 Puri-

668 2401 851 2478 ficacionis
879 2403 1027 2502 virginis
1057 2400 1184 2478 Mario.

815 2691 876 2765 (31.
894 2687 1059 2763 J'rtnuarir').

405 2843 514 2904 Primo
538 2843 614 2926 quie
638 2843 792 2926 providus
817 2843 941 2906 Blasius
959 2843 1095 2922 institor,
1112 2843 1219 2905 senior
1243 2842 1338 2924 judex
1364 2858 1394 2905 et
1418 2844 1560 2906 concivis

299 2963 418 3029 noster,
441 2949 589 3013 vendidit
612 2949 775 3032 quandam
793 2950 920 3012 vineam
938 2969 1029 3011 ouem
1046 2961 1077 3012 et
1093 2950 1206 3011 silvam
1225 2950 1256 3012 in
1273 2951 1434 3012 territorio
1452 2963 1563 3012 nostro

299 3075 398 3138 penes
421 3057 550 3118 vineam
575 3056 707 3119 ecclesie
731 3057 831 3118 sancti
858 3057 967 3136 Marci,
1000 3055 1135 3119 domino
1160 3055 1290 3119 Matheo
1315 3057 1453 3138 plebano
1478 3067 1561 3118 elur·

301 3163 375 3223 dem
400 3162 533 3225 ecclesie
558 3182 617 3246 pro
641 3162 886 3244 quatuordecim
911 3161 982 3224 flor.

405 3285 483 3348 ltem
508 3286 610 3348 Eleno
636 3287 731 3348 Kwsa
756 3286 839 3348 dicta
863 3287 972 3348 relicta
998 3285 1135 3348 condem
1164 3286 1290 3348 Nicolai
1316 3287 1462 3371 Poyeycz
1487 3305 1562 3348 ven·

298 3390 381 3452 didit
405 3391 568 3473 quandam
592 3392 705 3454 silvam
731 3411 821 3454 suam
848 3393 879 3454 in
897 3392 1059 3454 vicinitate
1084 3391 1226 3474 predicte
1251 3393 1340 3470 silve,
1365 3411 1462 3474 quam
1486 3413 1561 3454 ven-

297 3496 381 3558 didit
403 3496 507 3560 dictus
531 3497 667 3578 Blosius,
691 3512 722 3560 et
744 3499 826 3560 inter
842 3497 969 3560 vineam
988 3498 1146 3560 desertam
1165 3497 1321 3560 Anthonii
1347 3499 1385 3559 de
1404 3499 1562 3578 Klolrocz,

299 3617 430 3686 aperte
454 3605 670 3684 meridionali,
696 3619 726 3668 et
750 3605 832 3667 inter
864 3606 992 3666 vineam
1025 3604 1169 3667 eiusdem
1208 3605 1314 3684 Kwse,
1338 3625 1355 3668 a
1380 3619 1468 3688 parte
1493 3625 1564 3688 sep-

301 3710 509 3790 temtrionali,
541 3711 688 3773 vendidit
711 3711 818 3773 eidem
851 3711 985 3772 domino
1011 3710 1141 3773 Matheo
1173 3711 1313 3794 plebano
1338 3731 1396 3795 pro
1421 3726 1559 3794 quotuor

300 3817 406 3899 pensis
429 3817 679 3898 viennensibus,
703 3837 789 3880 enno
814 3831 993 3900 prenotato.

405 3939 481 4000 Item
505 3939 632 4022 providi
666 3939 823 4020 Thomas,
850 3941 960 4002 Petrus
994 3954 1024 4002 et
1048 3939 1190 4004 Wichko
1213 3939 1270 4002 filii
1296 3939 1433 4002 condam
1468 3941 1557 4002 Pauli

297 4043 569 4108 Banschakowicz
594 4047 808 4109 vendiderunt
837 4046 977 4108 mediam
1009 4061 1131 4129 partem
1158 4045 1324 4108 cuiusdam
1350 4048 1466 4108 domus
1491 4067 1560 4108 mu-

297 4163 375 4229 rete,
388 4153 421 4213 in
435 4153 561 4214 civitate
578 4152 733 4228 habitent,
750 4172 848 4234 penes
865 4153 944 4214 duos
967 4153 1034 4215 vias
1053 4167 1083 4216 et
1100 4172 1200 4236 prope
1224 4173 1280 4215 seu
1304 4173 1403 4236 penes
1428 4154 1561 4216 domum

296 4257 474 4320 liberorum
498 4259 636 4321 condam
663 4259 900 4339 Mrawkowicz,
926 4259 1069 4341 Georgio
1092 4260 1292 4322 Vithkowicz
1317 4260 1356 4322 de
1382 4259 1562 4340 Modrusi0,

205 4435 209 4440 ,
296 4365 423 4426 concivi
448 4378 570 4445 nostro,
593 4386 652 4449 pro
669 4367 814 4448 quinque
839 4385 910 4427 cum
930 4365 1039 4428 medio
1057 4365 1125 4428 flor.
1143 4401 1186 4412 —
1203 4365 1325 4428 Ibidem
1344 4367 1468 4448 Agatho
1486 4367 1564 4428 alias

297 4471 498 4552 Margaretha
523 4473 653 4534 nomine
680 4472 827 4536 vendidit
850 4471 948 4534 aliern
967 4473 1107 4534 mediam
1125 4487 1247 4554 partem
1278 4473 1423 4534 eiusdem
1448 4473 1564 4534 domus

297 4591 433 4656 murore,
457 4597 519 4658 que
544 4578 604 4640 sibi
629 4577 689 4640 luit
712 4577 977 4640 testamentaliter
1002 4578 1106 4660 legata
1131 4599 1187 4661 per
1212 4579 1349 4640 condam
1375 4579 1562 4658 Mortinecz,

297 4683 376 4744 olim
410 4683 549 4765 judicem
582 4698 738 4764 nostrum,
771 4682 894 4766 prelato
917 4683 1060 4765 Georgio
1092 4685 1293 4746 Vithkowicz
1327 4705 1384 4767 pro
1417 4685 1562 4766 quinque

297 4808 371 4850 cum
397 4790 507 4854 medio
531 4789 613 4869 flor.‚
638 4805 668 4852 et
692 4791 825 4872 quidem
844 4791 1015 4853 Tulowicz
1031 4791 1178 4852 similiter
1202 4791 1347 4853 vendidit
1372 4791 1560 4874 porcionem

297 4914 388 4957 suom
413 4895 559 4958 eiusdem
583 4897 699 4959 domus
724 4897 829 4960 eidem
856 4895 999 4978 Georgio
1023 4897 1237 4962 Vithkowicz.

409 5019 487 5090 Item
513 5020 675 5087 Dorothea
701 5021 809 5092 relicta
831 5019 969 5088 condam
994 5019 1123 5090 Thome
1142 5021 1288 5106 Cheden,
1312 5021 1390 5084 olim
1416 5019 1507 5102 jurati
1534 5032 1564 5086 et
