3840 5800
858 443 1011 508 Rationes.
1493 471 1551 534 3¹¹

394 659 510 722 Eidem
534 659 614 722 feria
637 659 778 722 secunda
807 673 880 722 ante
906 660 1061 743 Corporis
1078 657 1195 726 Christi
1222 663 1253 722 io
1277 662 1551 744 complementum

291 765 435 828 eiusdem
456 766 577 828 laboris
596 817 603 830 .
622 817 628 830 .
648 817 654 831 .
673 766 742 829 flor.
757 766 834 842 XV;
853 781 884 828 et
900 767 944 827 sic
960 787 1020 848 pro
1036 767 1146 829 labore
1164 768 1224 829 isto
1241 767 1353 830 hebuit
1370 758 1439 832 fl'or.
1456 769 1555 832 XXV.

395 871 520 934 Eodem
546 872 597 934 die
623 873 655 934 in
680 887 798 936 sortem
816 872 1045 935 consensionis
1069 874 1108 934 od
1129 873 1254 952 woltas,
1278 874 1342 935 deti
1367 873 1547 938 eidem...

289 976 360 1043 flor.
384 978 484 1042 XXV.

395 1084 419 1146 F
423 1085 488 1147 eris
501 1085 641 1147 secunde
658 1099 731 1149 ante
747 1086 785 1147 ad
803 1085 938 1148 Vincula
953 1087 1049 1166 Petri,
1064 1087 1179 1148 iterum
1195 1085 1355 1153 habuit...
1372 1087 1440 1150 flor.
1456 1088 1556 1152 XXV.

395 1191 512 1254 Eidem
537 1192 569 1254 in
594 1191 738 1274 profesto
774 1193 857 1255 besti
890 1193 1009 1274 Egidii,
1043 1192 1194 1259 dedi...
1227 1191 1430 1270 flor.XXV;
1456 1194 1554 1256 etsie

288 1300 454 1382 hucusque
478 1299 591 1362 hebuit
606 1348 614 1364 .
632 1349 664 1363 ..
687 1300 757 1364 flor.
782 1299 825 1364 1¹¹.
847 1304 921 1380 (sic.)

396 1407 443 1470 De
469 1419 575 1469 cetero
599 1408 722 1490 accepit
746 1427 818 1468 cum
845 1407 997 1488 magistro
1014 1405 1236 1486 Christoffero,
1261 1426 1358 1488 quem
1383 1407 1556 1490 assumpsit

290 1513 322 1575 in
346 1514 489 1576 socium:

393 1621 418 1682 F
421 1620 485 1682 eris
499 1620 610 1703 quintu
627 1633 698 1703 post
715 1621 890 1703 Lamperti,
905 1621 1063 1682 ambobus
1080 1619 1176 1681 simul
1191 1619 1256 1682 dati
1269 1634 1343 1682 sunt
1361 1669 1368 1682 .
1386 1668 1393 1683 .
1410 1668 1417 1683 .
1434 1619 1502 1684 flor.
1518 1620 1555 1685 L.

397 1725 431 1788 In
456 1725 537 1790 festo
560 1728 644 1789 beati
663 1728 789 1790 Nicolai
807 1727 949 1810 episcopi
969 1725 1073 1788 eidem
1094 1725 1303 1788 Christoffero
1328 1741 1400 1808 post
1417 1739 1554 1788 mortem

293 1830 454 1914 Gregorii,
480 1833 543 1894 dati
562 1883 569 1897 .
585 1883 612 1898 ..
637 1834 705 1896 flor.
732 1835 766 1897 L.

398 1939 491 2001 Furia
515 1941 611 2001 tercia
644 1953 715 2022 post
738 1939 858 2001 Mathis
890 1939 1028 2021 apostoli
1061 1939 1176 2000 iterum
1208 1937 1314 1998 eidem
1351 1936 1552 2002 Christofero

291 2046 356 2108 dati
374 2094 382 2110 .
399 2095 406 2109 .
425 2094 430 2108 .
456 2045 526 2110 flor.
551 2045 650 2110 XXV.

717 2135 849 2196 Summe
874 2133 942 2198 flor.
968 2131 1104 2197 II⁰XXV.

716 2241 848 2303 Summa
880 2259 1078 2302 summarum
1109 2237 1314 2318 IIsLXXXlIL
1346 2239 1404 2301 sol.
1424 2237 1511 2302 XVI.

396 2384 550 2446 Promissa
576 2383 718 2465 exposita
740 2395 814 2445 sunt
836 2402 893 2466 per
917 2382 1086 2445 dominum
1104 2381 1240 2444 Kemlek
1265 2395 1296 2444 et
1312 2395 1490 2464 presentata
1516 2381 1547 2442 in

289 2491 387 2573 pleno
412 2488 565 2572 Capitulo
591 2489 668 2551 seria
692 2489 832 2552 secunde
855 2490 1001 2572 proximu
1033 2503 1105 2572 post
1132 2487 1247 2550 festum
1273 2488 1358 2550 beati
1383 2487 1554 2549 Ambrosii

291 2595 496 2660 confessoris.
527 2617 618 2678 1505.

503 2703 685 2786 Stephanus
709 2703 811 2765 lector
835 2721 877 2764 m.
900 2721 932 2784 p.
