3810 5806
789 536 876 594 Anno
898 549 987 614 1519.

268 644 522 652 -.——-.-—--
540 644 696 651 ..-..————-
734 645 772 648 —
889 645 974 650 Α------
1007 646 1014 649 -
1032 646 1076 652 -...
1093 647 1129 652 -.
1146 645 1181 651 ---
1198 644 1238 650 -ο
1257 645 1383 650 —--—----

1468 555 1526 614 ¹07

265 750 400 810 eandem
419 749 603 832 plebaniam
620 763 759 811 nostram
780 769 835 830 per
859 749 990 810 eosdem
1008 750 1114 811 datarn
1134 764 1289 830 perpetuo
1307 749 1527 811 libertavimus

266 856 366 916 immo
389 856 589 932 libertamus,
606 856 716 936 vigore
733 856 936 938 presencium
956 872 1098 917 nostrum
1117 875 1323 918 communem
1342 857 1527 918 benivolum

265 981 456 1023 consensum
482 963 648 1044 prebendo
672 963 790 1044 pariter
814 977 845 1023 et
869 981 1044 1024 assensum.
1078 962 1111 1024 ln
1137 981 1274 1044 quorum
1300 963 1527 1045 premissorum

266 1069 455 1130 memoriam
488 1083 584 1151 atque
616 1067 799 1130 firmitatem
834 1083 996 1150 presentes
1027 1069 1134 1130 literas
1167 1083 1291 1132 nostras
1314 1070 1529 1152 privilegiales

266 1189 375 1236 nostro
399 1175 564 1236 communi
598 1175 706 1256 sigillo
739 1175 891 1256 pendenti
924 1175 1103 1236 munimine
1136 1178 1302 1238 roboratas
1326 1176 1445 1238 eisdem
1472 1177 1527 1236 do-

266 1283 355 1343 mino
379 1282 530 1364 episcopo
563 1297 593 1343 et
632 1281 780 1344 Emerico
814 1282 940 1344 literato
974 1283 1124 1344 duximus
1155 1283 1385 1344 concedendas.
1413 1284 1526 1344 Datum

266 1388 344 1451 feria
368 1390 465 1450 tercia
490 1389 635 1471 proxima
660 1403 733 1449 ante
759 1386 874 1450 festum
893 1387 1133 1451 Purificacionis
1151 1392 1242 1452 beate
1262 1391 1360 1451 Marie
1385 1391 1528 1470 virginis.

266 1501 361 1557 Anno
388 1495 518 1556 Domini
544 1495 718 1557 millesimo
743 1495 1004 1576 quingentesimo
1029 1495 1156 1558 decimo
1181 1516 1268 1559 nono

371 1603 439 1663 Nos
471 1603 685 1663 communitas
718 1602 836 1663 civium
876 1602 1012 1664 civitatis
1048 1603 1337 1684 Montisgrecensis.
1372 1605 1528 1667 Memorie

267 1709 533 1770 commendamus
557 1723 667 1770 tenore
693 1710 895 1790 presencium
921 1707 1136 1790 significantes
1160 1710 1277 1791 quibus
1302 1711 1430 1792 expedit
1456 1712 1526 1772 uni·

267 1815 377 1878 xersis.
402 1815 499 1890 Quod
525 1835 597 1877 cum
623 1834 683 1877 nos
705 1836 764 1899 pro
796 1816 1005 1898 expediendis
1035 1817 1130 1880 certis
1161 1818 1304 1898 negociis
1329 1819 1445 1882 nostris
1469 1839 1527 1901 pro

266 1922 419 1984 tribunali
443 1922 528 1983 sedis
552 1937 660 1984 nostre
677 1923 843 2003 judiciarie
861 1923 1129 2002 consedissemus,
1146 1939 1221 1986 tunc
1246 1925 1400 2008 providus
1424 1939 1455 1988 et
1473 1926 1528 1988 ho·

266 2043 375 2091 nestus
399 2029 447 2089 vir
465 2027 625 2110 Georgius
643 2029 808 2112 Saronych
826 2029 939 2108 dictus,
964 2029 1003 2092 de
1021 2030 1155 2112 Vylaco,
1180 2031 1265 2093 lilius
1288 2052 1365 2095 vero
1389 2033 1526 2094 condam

267 2134 434 2196 Michaelis
458 2134 604 2196 similiter
628 2135 792 2220 Saronych
817 2135 904 2215 dicti,
930 2137 1009 2198 olim
1037 2137 1172 2199 senioris
1196 2137 1311 2218 judicis
1336 2153 1366 2200 et
1389 2140 1529 2202 concivis

263 2242 374 2320 nostri,
399 2255 541 2303 nostram
565 2241 778 2322 personaliter
801 2243 935 2304 veniens
959 2244 991 2304 in
1010 2245 1208 2324 presenciam
1233 2260 1347 2328 sponte
1373 2259 1404 2306 et
1426 2247 1527 2308 libere

264 2347 366 2410 lassus
391 2360 437 2409 est
462 2347 493 2408 in
519 2347 603 2410 hunc
628 2348 781 2410 modum:
816 2363 850 2410 ut
874 2350 942 2431 ipse
975 2350 1115 2431 quedam
1149 2352 1313 2412 bonasus
1338 2351 1527 2414 hereditaria

263 2457 296 2518 in
329 2455 491 2516 territorio
523 2453 645 2536 prefate
678 2455 814 2515 civitatis
845 2454 953 2517 habita
985 2469 1015 2517 et
1047 2457 1238 2546 existencia,
1271 2473 1406 2539 utputa:
1431 2457 1528 2520 fenile

255 2581 419 2642 *magnum
445 2561 693 2642 Marensclrycza
712 2575 874 2638 vocaturn,
898 2563 994 2624 simul
1012 2583 1084 2624 cum
1103 2565 1194 2625 terris
1209 2565 1384 2626 arabilibus
1408 2566 1528 2626 ibidem

264 2667 484 2745 existentibus,
509 2681 648 2748 quatuor
672 2667 774 2728 dietas
797 2682 852 2729 aut
868 2669 944 2730 citra
971 2671 1001 2730 in
1027 2689 1060 2731 se
1084 2671 1334 2748 continentibus,
1360 2687 1390 2732 et
1413 2672 1526 2732 silvam

261 2793 411 2855 magnam
435 2775 467 2836 in
492 2774 676 2836 Jelenowcz
701 2774 842 2836 habitam
872 2789 902 2838 et
919 2777 1120 2854 existentem,
1146 2777 1250 2858 ipsum
1276 2779 1397 2840 scilicet
1423 2777 1526 2840 Geor-

263 2881 355 2962 gium
380 2881 544 2966 Saronych
569 2881 669 2943 veluti
702 2879 852 2942 heredem
886 2883 1114 2963 premissorum
1148 2883 1308 2945 bonorum
1340 2883 1408 2964 jure
1432 2883 1528 2966 adep-

266 2987 369 3048 cionis
393 3001 424 3050 et
448 3002 567 3050 certam
592 3007 752 3049 summam
786 2988 1003 3069 pecuniariam
1038 2989 1262 3066 restitucionis,
1287 2991 1435 3053 videlicet
1459 2991 1529 3054 llor.

265 3094 452 3175 nonaginta,
476 3113 534 3176 pro
559 3113 684 3154 summa
710 3094 875 3175 pecuniari
908 3093 1079 3175 magnifico
1115 3095 1264 3156 Emerico
1287 3095 1416 3157 Therelr
1441 3098 1529 3178 prius

265 3220 320 3283 per
344 3199 523 3261 Iohannem
548 3200 696 3260 similiter
721 3200 886 3282 Saronych
912 3201 1032 3262 dictum
1067 3201 1227 3264 uterinum
1254 3201 1368 3284 prefati
1396 3203 1529 3284 Georgii

268 3319 455 3389 perpetuata
481 3307 668 3386 extitissent,
693 3321 789 3388 prout
814 3309 874 3368 hoc
899 3307 930 3368 in
956 3307 1056 3370 literis
1087 3308 1329 3390 adjudicatoriis
1352 3308 1528 3390 juratorum

266 3428 297 3475 et
321 3414 485 3474 seniorum
509 3413 652 3494 judicum
678 3411 798 3494 prefate
823 3415 959 3476 civitatis
976 3429 1083 3477 nostre
1108 3429 1139 3478 et
1163 3435 1219 3498 per
1237 3435 1438 3498 consequens
1462 3437 1528 3478 ma·

264 3520 353 3600 gistri
372 3519 547 3581 thavernici
573 3520 655 3581 clare
681 3536 711 3582 et
735 3540 880 3602 expresse
905 3523 1098 3601 continetur,
1124 3536 1218 3604 prout
1242 3524 1343 3585 eciam
1360 3524 1420 3586 hoc
1446 3539 1529 3586 mete

265 3627 493 3707 premissorum
513 3628 673 3688 bonorum
691 3627 722 3686 in
748 3627 941 3708 quibusdam
959 3627 1059 3690 literis
1089 3630 1205 3691 nostris
1229 3631 1458 3692 communibus
1474 3651 1530 3692 seu

265 3733 401 3794 civitatis
437 3731 559 3814 prefate
585 3733 839 3814 privilegialibus
863 3734 945 3796 clare
978 3751 1008 3797 et
1043 3755 1189 3817 expresse
1222 3737 1437 3816 continentur,
1471 3757 1528 3820 pro

264 3853 353 3921 parte
379 3839 492 3920 prelati
520 3839 684 3900 Michaelis
718 3839 882 3922 Saronych
916 3842 1013 3922 patris
1037 3842 1114 3903 dicti
1147 3842 1280 3924 Georgii
1307 3843 1472 3926 Saronych
1498 3860 1528 3904 et

264 3946 402 4007 aliorum
429 3945 583 4007 heredum
608 3965 740 4007 suorum
757 3947 930 4028 superinde
955 3946 1108 4010 coniectis
1132 3964 1163 4010 et
1180 3951 1335 4011 emanaris
1359 3970 1394 4012 ac
1419 3971 1526 4012 curam

265 4052 359 4113 nobis
384 4052 417 4112 in
442 4051 547 4133 specie
580 4052 729 4113 exhibitis
761 4067 792 4114 et
824 4053 1068 4133 demonstratis,
1101 4055 1174 4134 fide,
1212 4075 1356 4138 expresse
1390 4057 1530 4119 vidimus

265 4158 421 4219 contineri
439 4155 574 4235 oculata,
598 4158 695 4219 simul
719 4179 792 4220 cum
815 4161 966 4222 omnibus
990 4161 1111 4222 eisdem
1135 4163 1238 4242 bonis,
1262 4178 1297 4224 ut
1321 4164 1528 4244 premittitur,

265 4263 414 4346 prudenti
440 4280 470 4326 et
495 4265 727 4346 circumspecto
746 4267 814 4326 viro
843 4266 991 4328 Michaeli
1010 4266 1222 4351 Opprasnych
1249 4270 1346 4348 dicto,
1371 4270 1528 4332 moderno

264 4371 362 4452 judici
388 4385 419 4432 et
444 4371 569 4432 concivi
595 4385 714 4450 nostro,
739 4393 774 4434 ac
807 4392 863 4454 per
888 4393 962 4435 eum
996 4375 1061 4434 suis
1093 4375 1265 4436 heredibus
1290 4377 1446 4437 universis
1470 4397 1528 4458 pro

264 4478 333 4540 flor.
357 4479 533 4559 nonaginta
559 4491 697 4559 quatuor
721 4480 846 4561 emptis,
872 4481 954 4540 daris
978 4495 1008 4542 et
1032 4481 1206 4562 persolutis
1231 4484 1436 4544 contulerunt
1459 4483 1527 4564 jure

264 4601 419 4667 perpetuo
444 4585 583 4646 tenenda
616 4599 646 4646 et
676 4585 836 4648 habenda.
870 4586 1009 4648 Demum
1044 4607 1121 4648 vero
1158 4587 1277 4669 prefata
1314 4590 1528 4650 communitas

266 4689 430 4772 quoddam
456 4689 554 4753 fenile
579 4711 673 4752 suurn
698 4691 760 4773 jam
786 4694 817 4754 in
844 4708 959 4754 terram
987 4695 1140 4756 arabilem
1175 4696 1350 4772 redactum,
1376 4697 1463 4777 prius
1487 4697 1526 4756 ad

266 4797 474 4860 kalendinum
508 4797 692 4859 carnificum
726 4800 877 4880 pertineri
911 4803 1050 4878 debens,
1086 4802 1165 4862 duas
1200 4823 1274 4864 vero
1306 4804 1407 4865 dietas
1438 4805 1526 4864 inse

265 4905 442 4983 continens,
468 4905 549 4966 inter
574 4903 671 4966 fenile
697 4908 817 4986 egregii
837 4907 961 4968 domini
982 4909 1174 4969 balthasaris
1191 4909 1230 4969 de
1248 4911 1331 4991 Alap
1348 4910 1426 4970 alias
1443 4911 1525 4971 vice·

265 5011 338 5071 bani
360 5012 448 5092 regni
468 5011 651 5092 Sclauonie,
668 5033 685 5074 a
704 5029 791 5094 parte
810 5015 970 5092 orientali,
985 5029 1015 5076 et
1031 5015 1113 5075 inter
1126 5030 1223 5075 terras
1240 5017 1375 5077 arabiles
1392 5017 1525 5077 circum-
