3804 5798
812 528 967 593 Rationes.

363 741 441 806 Item
467 742 634 824 Anthonij,
660 742 766 804 media
792 743 888 804 curia.

364 849 443 914 Item
469 849 610 928 Thadei,
635 849 763 910 Martini
789 845 924 928 &luam
942 872 1004 913 una
1022 853 1108 912 curia
1125 848 1229 934 (solvit
1247 851 1331 914 luam
1353 851 1392 914 da
1406 857 1522 932 quarta

259 961 288 1020 et
316 955 487 1020 Martiam
510 955 548 1018 de
570 958 687 1035 quarta
709 954 739 1018 a
765 952 892 1018 Thadeo
907 953 1064 1036 defalcaai
1085 957 1121 1020 ira
1143 977 1293 1034 marcam,
1317 976 1522 1040 superquam

254 1061 391 1144 juravit,
416 1059 500 1142 qaod
522 1080 586 1124 aaa
608 1059 673 1142 fait
696 1060 732 1123 ia
755 1057 895 1145 teaistro)

364 1168 445 1230 Item
470 1167 601 1230 domine
626 1168 732 1247 Clare,
758 1187 822 1230 una
846 1170 943 1234 curia.

365 1275 442 1337 Item
468 1275 579 1336 Jacobi
604 1274 691 1352 BeIe,
715 1287 779 1336 tres
806 1289 928 1357 quarte.

363 1381 440 1444 Item
467 1380 615 1463 Gregorii
640 1380 804 1460 aurifabri,
829 1395 892 1444 tres
913 1397 1035 1464 quarte.

365 1487 442 1550 Item
466 1488 575 1550 relicte
599 1487 739 1567 Andree,
763 1502 826 1550 tres
851 1504 962 1571 quarte
994 1488 1214 1574 (communitas
1237 1489 1359 1554 dimisit
1382 1489 1466 1574 sibi).
1511 1531 1514 1542 ·

362 1593 441 1657 Item
467 1594 608 1658 Cursech
632 1593 798 1676 aurifabri,
823 1615 887 1659 una
911 1599 998 1659 curia
1023 1618 1095 1660 cum
1121 1613 1243 1679 quarta.

727 1827 853 1888 Nona
890 1827 1057 1891 insula.

365 1970 473 2031 PrImo
498 1967 637 2030 filiorum
665 1967 852 2048 Martinkua,
876 1989 939 2031 una
963 1971 1059 2034 curia.

363 2075 443 2138 Item
468 2075 635 2152 Iohannis,
660 2074 715 2136 filii
743 2074 910 2156 Anthomj,
934 2076 995 2137 due
1020 2077 1106 2138 curie
1130 2075 1242 2160 (iudea
1264 2074 1329 2158 est).

367 2182 443 2244 Item
470 2177 578 2243 relicte
606 2181 804 2267 Pintikachy,
830 2183 936 2244 media
965 2183 1051 2245 curia
1075 2180 1202 2267 (solvit).

363 2289 439 2352 Item
466 2289 602 2369 Jurglim
628 2289 734 2350 media
759 2289 845 2351 curia
870 2309 943 2351 cum
968 2305 1090 2352 octava.

362 2395 439 2457 Item
467 2395 536 2456 Elie
562 2395 744 2456 stacionarii
770 2409 832 2457 tres
857 2410 978 2476 quarte.

364 2501 442 2564 Item
467 2501 596 2579 Cosme,
624 2501 730 2562 media
755 2502 850 2564 curia.

362 2607 440 2670 Item
466 2609 635 2687 Lackonis,
662 2608 767 2670 media
792 2609 888 2672 curia.

364 2711 445 2775 Item
471 2713 637 2775 Michaelis
663 2713 794 2796 HudIep
821 2735 882 2776 una
907 2717 1004 2778 curia.

363 2819 440 2881 Item
467 2819 616 2903 Puchocy
641 2839 703 2882 una
729 2821 814 2882 curia
839 2817 994 2904 (relaxavi
1016 2842 1075 2902 pro
1098 2819 1198 2884 debito
1221 2819 1298 2904 sua).

365 2926 441 2988 Item
462 2927 548 2989 Luce
563 2927 691 2989 Bonioli
703 2947 767 2988 una
783 2927 958 2989 euriacum
973 2929 1078 2990 medIa
1092 2923 1248 3011 (relatam
1258 2925 1431 3007 prodebito
1442 2928 1521 3008 aaa).

364 3031 442 3095 Item
476 3033 598 3094 domini
633 3033 716 3095 Petri
749 3033 867 3115 Ligerij
900 3049 963 3096 tres
995 3035 1081 3096 curie
1113 3054 1185 3096 cum
1215 3049 1327 3116 quarta
1353 3030 1522 3118 (defamari

254 3158 316 3218 pra
339 3137 440 3201 (tabita
463 3157 520 3202 sua
542 3157 647 3202 omnes
677 3139 784 3202 aurias
813 3157 889 3203 mas
910 3143 939 3202 et
969 3137 1107 3203 atioram
1138 3139 1224 3204 eirea
1247 3140 1355 3221 ipsum
1385 3137 1518 3217 (tamiri,

257 3349 363 3414 relicte
392 3349 530 3416 Jaaatree
559 3351 755 3432 carpentarii
785 3351 921 3416 mediam
951 3353 1073 3416 auriam
1097 3372 1199 3434 prope
1225 3349 1433 3430 Demetrium,
1457 3349 1521 3416 De-

258 3457 365 3539 marrey
387 3457 493 3520 irradia
515 3457 626 3542 auria).

366 3565 521 3646 Sumpma
539 3565 716 3626 insularum
732 3564 807 3627 facit
819 3580 947 3627 centum
961 3566 1064 3627 curias
1077 3579 1107 3627 et
1124 3565 1235 3627 decem
1254 3565 1360 3627 minua
1373 3579 1520 3647 quatuor.

610 3795 1167 3859 VicusTeutonicorum.

366 3937 474 3998 Primo
499 3935 654 3998 Johannia
678 3938 805 4016 sutoris,
830 3952 942 4019 quarta
968 3957 1039 3998 cum
1064 3951 1186 4000 octava.

364 4042 440 4106 Item
468 4043 621 4126 Stephani
649 4044 785 4122 Kordar,
810 4059 921 4126 quarta
947 4063 1019 4105 cum
1045 4058 1166 4106 octava.

363 4149 440 4212 Item
467 4150 552 4232 Span
577 4150 683 4212 media
709 4151 806 4214 curia.

364 4257 450 4318 Item·
468 4256 590 4317 Mareni
616 4269 730 4338 quarta
755 4277 827 4318 cum
852 4271 975 4319 octava.

360 4362 437 4425 Item
465 4363 619 4442 DemetrIj
645 4377 757 4444 quarta
782 4383 853 4424 cum
879 4377 1001 4425 octava.

361 4468 438 4532 Item
466 4469 652 4552 Dragilonis
680 4490 741 4530 una
767 4483 888 4551 quarta.

362 4575 440 4640 Item
466 4576 522 4638 filii
549 4577 692 4654 Wlkote,
717 4591 827 4658 quarta
853 4596 928 4637 cum
953 4589 1075 4637 octava.

361 4683 439 4747 Item
465 4685 572 4746 relicte
599 4684 689 4746 Pauli
714 4685 835 4762 Bobek,
860 4697 971 4765 quarta
997 4702 1068 4744 cum
1094 4697 1217 4744 octava.

363 4791 441 4854 Item
467 4792 607 4870 Andree,
632 4811 694 4853 una
724 4808 845 4872 quarta.
1056 4779 1058 4782 ⁵

362 4896 438 4959 Item
464 4897 593 4959 Thome
618 4899 743 4975 sutoris,
768 4917 829 4957 una
855 4911 977 4978 quarta.

362 5002 440 5066 Item
465 5005 548 5066 Petri
574 5005 701 5082 sutoris,
725 5023 787 5065 una
818 5018 940 5085 quarta.
