<?xml version="1.0" encoding="UTF-8"?>
<!DOCTYPE html PUBLIC "-//W3C//DTD XHTML 1.0 Transitional//EN"
    "http://www.w3.org/TR/xhtml1/DTD/xhtml1-transitional.dtd">
<html xmlns="http://www.w3.org/1999/xhtml" xml:lang="en" lang="en">
 <head>
  <title>
</title>
<meta http-equiv="Content-Type" content="text/html;charset=utf-8" />
  <meta name='ocr-system' content='tesseract 3.04.00' />
  <meta name='ocr-capabilities' content='ocr_page ocr_carea ocr_par ocr_line ocrx_word'/>
</head>
<body>
  <div class='ocr_page' id='page_1' title='image "./monumentahistor19laszgoog_0096.png"; bbox 0 0 3842 5802; ppageno 0'>
   <div class='ocr_carea' id='block_1_1' title="bbox 383 555 1120 638">
    <p class='ocr_par' dir='ltr' id='par_1_1' title="bbox 383 555 1120 638">
     <span class='ocr_line' id='line_1_1' title="bbox 383 555 1120 638; baseline 0.016 -29"><span class='ocrx_word' id='word_1_1' title='bbox 383 573 427 636; x_wconf 82' lang='lat'>44</span> <span class='ocrx_word' id='word_1_2' title='bbox 916 561 1002 618; x_wconf 75' lang='lat' dir='ltr'>Anno</span> <span class='ocrx_word' id='word_1_3' title='bbox 1025 555 1120 638; x_wconf 72' lang='lat'><em>1480.</em></span> 
     </span>
    </p>
   </div>
   <div class='ocr_carea' id='block_1_2' title="bbox 385 769 1651 1807">
    <p class='ocr_par' dir='ltr' id='par_1_2' title="bbox 385 769 1651 1807">
     <span class='ocr_line' id='line_1_2' title="bbox 386 769 1651 857; baseline 0.005 -27"><span class='ocrx_word' id='word_1_4' title='bbox 386 769 545 830; x_wconf 80' lang='lat' dir='ltr'>metaliter</span> <span class='ocrx_word' id='word_1_5' title='bbox 568 783 764 850; x_wconf 88' lang='lat' dir='ltr'>separatam;</span> <span class='ocrx_word' id='word_1_6' title='bbox 788 771 926 852; x_wconf 80' lang='lat' dir='ltr'>desuper</span> <span class='ocrx_word' id='word_1_7' title='bbox 951 772 1059 852; x_wconf 91' lang='lat' dir='ltr'>itaque</span> <span class='ocrx_word' id='word_1_8' title='bbox 1083 791 1100 831; x_wconf 92' lang='lat' dir='ltr'>a</span> <span class='ocrx_word' id='word_1_9' title='bbox 1125 771 1265 852; x_wconf 89' lang='lat' dir='ltr'>predicta</span> <span class='ocrx_word' id='word_1_10' title='bbox 1290 771 1340 833; x_wconf 92' lang='lat' dir='ltr'>via</span> <span class='ocrx_word' id='word_1_11' title='bbox 1366 774 1533 834; x_wconf 90' lang='lat' dir='ltr'>communi</span> <span class='ocrx_word' id='word_1_12' title='bbox 1558 795 1651 857; x_wconf 88' lang='lat' dir='ltr'>supe·</span> 
     </span>
     <span class='ocr_line' id='line_1_3' title="bbox 386 874 1650 959; baseline 0.006 -24"><span class='ocrx_word' id='word_1_13' title='bbox 386 874 462 936; x_wconf 91' lang='lat' dir='ltr'>riori</span> <span class='ocrx_word' id='word_1_14' title='bbox 487 877 527 936; x_wconf 92' lang='lat' dir='ltr'>ab</span> <span class='ocrx_word' id='word_1_15' title='bbox 552 876 719 938; x_wconf 85' lang='lat' dir='ltr'>occidente</span> <span class='ocrx_word' id='word_1_16' title='bbox 744 891 775 938; x_wconf 93' lang='lat' dir='ltr'>et</span> <span class='ocrx_word' id='word_1_17' title='bbox 800 875 881 938; x_wconf 82' lang='lat' dir='ltr'>infra</span> <span class='ocrx_word' id='word_1_18' title='bbox 915 877 1080 959; x_wconf 89' lang='lat' dir='ltr'>usquead</span> <span class='ocrx_word' id='word_1_19' title='bbox 1114 877 1210 939; x_wconf 90' lang='lat' dir='ltr'>aliam</span> <span class='ocrx_word' id='word_1_20' title='bbox 1235 879 1320 940; x_wconf 90' lang='lat' dir='ltr'>viam</span> <span class='ocrx_word' id='word_1_21' title='bbox 1354 876 1539 940; x_wconf 83' lang='lat' dir='ltr'>inferiorem</span> <span class='ocrx_word' id='word_1_22' title='bbox 1564 881 1650 942; x_wconf 92' lang='lat' dir='ltr'>simi·</span> 
     </span>
     <span class='ocr_line' id='line_1_4' title="bbox 385 981 1650 1066; baseline 0.006 -24"><span class='ocrx_word' id='word_1_23' title='bbox 385 981 458 1043; x_wconf 93' lang='lat' dir='ltr'>liter</span> <span class='ocrx_word' id='word_1_24' title='bbox 482 1001 708 1062; x_wconf 88' lang='lat' dir='ltr'>communem,</span> <span class='ocrx_word' id='word_1_25' title='bbox 741 985 781 1046; x_wconf 91' lang='lat' dir='ltr'>ab</span> <span class='ocrx_word' id='word_1_26' title='bbox 815 985 938 1046; x_wconf 90' lang='lat' dir='ltr'>oriente</span> <span class='ocrx_word' id='word_1_27' title='bbox 970 984 1177 1066; x_wconf 87' lang='lat' dir='ltr'>procedendo</span> <span class='ocrx_word' id='word_1_28' title='bbox 1209 1003 1227 1044; x_wconf 89' lang='lat' dir='ltr'>a</span> <span class='ocrx_word' id='word_1_29' title='bbox 1258 983 1379 1066; x_wconf 88' lang='lat' dir='ltr'>prefata</span> <span class='ocrx_word' id='word_1_30' title='bbox 1406 985 1501 1046; x_wconf 90' lang='lat' dir='ltr'>vinea</span> <span class='ocrx_word' id='word_1_31' title='bbox 1525 986 1650 1049; x_wconf 91' lang='lat' dir='ltr'>domini</span> 
     </span>
     <span class='ocr_line' id='line_1_5' title="bbox 386 1086 1650 1172; baseline 0.006 -24"><span class='ocrx_word' id='word_1_32' title='bbox 386 1086 540 1169; x_wconf 83' lang='lat' dir='ltr'>Stephani</span> <span class='ocrx_word' id='word_1_33' title='bbox 567 1088 781 1170; x_wconf 90' lang='lat' dir='ltr'>prebendarii,</span> <span class='ocrx_word' id='word_1_34' title='bbox 816 1110 833 1151; x_wconf 89' lang='lat' dir='ltr'>a</span> <span class='ocrx_word' id='word_1_35' title='bbox 865 1089 1008 1172; x_wconf 90' lang='lat' dir='ltr'>quodam</span> <span class='ocrx_word' id='word_1_36' title='bbox 1037 1091 1154 1152; x_wconf 84' lang='lat' dir='ltr'>trunlto</span> <span class='ocrx_word' id='word_1_37' title='bbox 1187 1090 1291 1152; x_wconf 87' lang='lat' dir='ltr'>salicis</span> <span class='ocrx_word' id='word_1_38' title='bbox 1322 1103 1405 1152; x_wconf 89' lang='lat' dir='ltr'>recte</span> <span class='ocrx_word' id='word_1_39' title='bbox 1438 1090 1477 1152; x_wconf 89' lang='lat' dir='ltr'>ad</span> <span class='ocrx_word' id='word_1_40' title='bbox 1503 1094 1650 1156; x_wconf 83' lang='lat' dir='ltr'>arborem</span> 
     </span>
     <span class='ocr_line' id='line_1_6' title="bbox 385 1193 1650 1278; baseline 0.006 -26"><span class='ocrx_word' id='word_1_41' title='bbox 385 1193 477 1254; x_wconf 90' lang='lat' dir='ltr'>nucis</span> <span class='ocrx_word' id='word_1_42' title='bbox 501 1213 595 1255; x_wconf 90' lang='lat' dir='ltr'>cruce</span> <span class='ocrx_word' id='word_1_43' title='bbox 619 1195 776 1275; x_wconf 77' lang='lat' dir='ltr'>signatam</span> <span class='ocrx_word' id='word_1_44' title='bbox 802 1208 832 1256; x_wconf 93' lang='lat' dir='ltr'>et</span> <span class='ocrx_word' id='word_1_45' title='bbox 856 1195 930 1256; x_wconf 93' lang='lat' dir='ltr'>inde</span> <span class='ocrx_word' id='word_1_46' title='bbox 955 1195 995 1257; x_wconf 91' lang='lat' dir='ltr'>ad</span> <span class='ocrx_word' id='word_1_47' title='bbox 1023 1196 1170 1257; x_wconf 76' lang='lat' dir='ltr'>arborem</span> <span class='ocrx_word' id='word_1_48' title='bbox 1189 1195 1305 1276; x_wconf 89' lang='lat' dir='ltr'>salicis,</span> <span class='ocrx_word' id='word_1_49' title='bbox 1329 1216 1428 1278; x_wconf 92' lang='lat' dir='ltr'>penes</span> <span class='ocrx_word' id='word_1_50' title='bbox 1452 1197 1537 1258; x_wconf 88' lang='lat' dir='ltr'>viam</span> <span class='ocrx_word' id='word_1_51' title='bbox 1564 1218 1650 1260; x_wconf 90' lang='lat' dir='ltr'>com-</span> 
     </span>
     <span class='ocr_line' id='line_1_7' title="bbox 386 1285 1651 1385; baseline 0.006 -26"><span class='ocrx_word' id='word_1_52' title='bbox 386 1317 517 1359; x_wconf 91' lang='lat' dir='ltr'>munem</span> <span class='ocrx_word' id='word_1_53' title='bbox 542 1300 751 1382; x_wconf 80' lang='lat' dir='ltr'>sepedictam,</span> <span class='ocrx_word' id='word_1_54' title='bbox 776 1301 982 1383; x_wconf 83' lang='lat' dir='ltr'>pendentem,</span> <span class='ocrx_word' id='word_1_55' title='bbox 1016 1301 1163 1362; x_wconf 89' lang='lat' dir='ltr'>similiter</span> <span class='ocrx_word' id='word_1_56' title='bbox 1187 1323 1280 1364; x_wconf 91' lang='lat' dir='ltr'>cruce</span> <span class='ocrx_word' id='word_1_57' title='bbox 1312 1303 1482 1385; x_wconf 79' lang='lat' dir='ltr'>signatam,</span> <span class='ocrx_word' id='word_1_58' title='bbox 1507 1285 1651 1367; x_wconf 84' lang='lat' dir='ltr'>habitam</span> 
     </span>
     <span class='ocr_line' id='line_1_8' title="bbox 385 1404 1651 1488; baseline 0.006 -23"><span class='ocrx_word' id='word_1_59' title='bbox 385 1419 415 1465; x_wconf 97' lang='lat' dir='ltr'>et</span> <span class='ocrx_word' id='word_1_60' title='bbox 438 1404 638 1484; x_wconf 82' lang='lat' dir='ltr'>existentem,</span> <span class='ocrx_word' id='word_1_61' title='bbox 662 1406 732 1469; x_wconf 87' lang='lat' dir='ltr'>viro</span> <span class='ocrx_word' id='word_1_62' title='bbox 756 1406 893 1488; x_wconf 89' lang='lat' dir='ltr'>provido</span> <span class='ocrx_word' id='word_1_63' title='bbox 919 1407 1055 1469; x_wconf 87' lang='lat' dir='ltr'>Nicolao</span> <span class='ocrx_word' id='word_1_64' title='bbox 1072 1407 1184 1469; x_wconf 87' lang='lat' dir='ltr'>sartori</span> <span class='ocrx_word' id='word_1_65' title='bbox 1206 1406 1274 1469; x_wconf 91' lang='lat' dir='ltr'>filio</span> <span class='ocrx_word' id='word_1_66' title='bbox 1300 1409 1439 1470; x_wconf 91' lang='lat' dir='ltr'>condam</span> <span class='ocrx_word' id='word_1_67' title='bbox 1464 1409 1590 1472; x_wconf 90' lang='lat' dir='ltr'>Nicolai</span> <span class='ocrx_word' id='word_1_68' title='bbox 1611 1411 1651 1472; x_wconf 91' lang='lat' dir='ltr'>de</span> 
     </span>
     <span class='ocr_line' id='line_1_9' title="bbox 386 1510 1650 1596; baseline 0.006 -26"><span class='ocrx_word' id='word_1_69' title='bbox 386 1510 615 1590; x_wconf 88' lang='lat' dir='ltr'>Hrwsewicza,</span> <span class='ocrx_word' id='word_1_70' title='bbox 639 1513 757 1574; x_wconf 90' lang='lat' dir='ltr'>seniori</span> <span class='ocrx_word' id='word_1_71' title='bbox 782 1513 885 1592; x_wconf 86' lang='lat' dir='ltr'>jurato</span> <span class='ocrx_word' id='word_1_72' title='bbox 910 1527 941 1575; x_wconf 87' lang='lat' dir='ltr'>et</span> <span class='ocrx_word' id='word_1_73' title='bbox 964 1513 1089 1575; x_wconf 91' lang='lat' dir='ltr'>concivi</span> <span class='ocrx_word' id='word_1_74' title='bbox 1114 1527 1223 1575; x_wconf 85' lang='lat' dir='ltr'>nostro</span> <span class='ocrx_word' id='word_1_75' title='bbox 1241 1534 1299 1596; x_wconf 93' lang='lat' dir='ltr'>pro</span> <span class='ocrx_word' id='word_1_76' title='bbox 1324 1515 1385 1576; x_wconf 88' lang='lat' dir='ltr'>alia</span> <span class='ocrx_word' id='word_1_77' title='bbox 1410 1515 1503 1576; x_wconf 88' lang='lat' dir='ltr'>vinea</span> <span class='ocrx_word' id='word_1_78' title='bbox 1528 1536 1585 1577; x_wconf 89' lang='lat' dir='ltr'>sua</span> <span class='ocrx_word' id='word_1_79' title='bbox 1609 1517 1650 1578; x_wconf 94' lang='lat' dir='ltr'>si·</span> 
     </span>
     <span class='ocr_line' id='line_1_10' title="bbox 386 1615 1650 1702; baseline 0.005 -26"><span class='ocrx_word' id='word_1_80' title='bbox 386 1615 503 1677; x_wconf 89' lang='lat' dir='ltr'>militer</span> <span class='ocrx_word' id='word_1_81' title='bbox 528 1616 744 1679; x_wconf 88' lang='lat' dir='ltr'>condicionali</span> <span class='ocrx_word' id='word_1_82' title='bbox 770 1618 801 1678; x_wconf 93' lang='lat' dir='ltr'>in</span> <span class='ocrx_word' id='word_1_83' title='bbox 825 1631 936 1680; x_wconf 90' lang='lat' dir='ltr'>monte</span> <span class='ocrx_word' id='word_1_84' title='bbox 972 1619 1091 1702; x_wconf 77' lang='lat' dir='ltr'>Eelyalt</span> <span class='ocrx_word' id='word_1_85' title='bbox 1124 1618 1244 1699; x_wconf 89' lang='lat' dir='ltr'>habita,</span> <span class='ocrx_word' id='word_1_86' title='bbox 1276 1621 1487 1682; x_wconf 88' lang='lat' dir='ltr'>commutavit</span> <span class='ocrx_word' id='word_1_87' title='bbox 1512 1635 1542 1682; x_wconf 92' lang='lat' dir='ltr'>et</span> <span class='ocrx_word' id='word_1_88' title='bbox 1566 1641 1650 1682; x_wconf 88' lang='lat' dir='ltr'>cam-</span> 
     </span>
     <span class='ocr_line' id='line_1_11' title="bbox 386 1721 1444 1807; baseline 0.006 -25"><span class='ocrx_word' id='word_1_89' title='bbox 386 1721 476 1800; x_wconf 90' lang='lat' dir='ltr'>bivit,</span> <span class='ocrx_word' id='word_1_90' title='bbox 501 1737 532 1783; x_wconf 94' lang='lat' dir='ltr'>et</span> <span class='ocrx_word' id='word_1_91' title='bbox 554 1741 648 1805; x_wconf 89' lang='lat' dir='ltr'>super</span> <span class='ocrx_word' id='word_1_92' title='bbox 674 1722 735 1784; x_wconf 91' lang='lat' dir='ltr'>hoc</span> <span class='ocrx_word' id='word_1_93' title='bbox 760 1723 917 1786; x_wconf 89' lang='lat' dir='ltr'>habentur</span> <span class='ocrx_word' id='word_1_94' title='bbox 941 1725 1031 1786; x_wconf 90' lang='lat' dir='ltr'>litere</span> <span class='ocrx_word' id='word_1_95' title='bbox 1055 1727 1114 1786; x_wconf 90' lang='lat' dir='ltr'>sub</span> <span class='ocrx_word' id='word_1_96' title='bbox 1146 1725 1299 1807; x_wconf 89' lang='lat' dir='ltr'>pendenti</span> <span class='ocrx_word' id='word_1_97' title='bbox 1325 1726 1444 1807; x_wconf 89' lang='lat' dir='ltr'>sigillo.</span> 
     </span>
    </p>
   </div>
   <div class='ocr_carea' id='block_1_3' title="bbox 382 1864 1650 3860">
    <p class='ocr_par' dir='ltr' id='par_1_3' title="bbox 382 1864 1650 3860">
     <span class='ocr_line' id='line_1_12' title="bbox 491 1864 1631 1950; baseline 0.005 -25"><span class='ocrx_word' id='word_1_98' title='bbox 491 1864 568 1926; x_wconf 92' lang='lat' dir='ltr'>ltem</span> <span class='ocrx_word' id='word_1_99' title='bbox 594 1865 746 1928; x_wconf 87' lang='lat' dir='ltr'>Nicolaus</span> <span class='ocrx_word' id='word_1_100' title='bbox 770 1879 871 1928; x_wconf 84' lang='lat' dir='ltr'>sartor</span> <span class='ocrx_word' id='word_1_101' title='bbox 894 1864 979 1928; x_wconf 87' lang='lat' dir='ltr'>filius</span> <span class='ocrx_word' id='word_1_102' title='bbox 997 1866 1147 1928; x_wconf 89' lang='lat' dir='ltr'>Damiani</span> <span class='ocrx_word' id='word_1_103' title='bbox 1172 1865 1211 1928; x_wconf 89' lang='lat' dir='ltr'>de</span> <span class='ocrx_word' id='word_1_104' title='bbox 1231 1867 1448 1947; x_wconf 87' lang='lat' dir='ltr'>Hrusewicza,</span> <span class='ocrx_word' id='word_1_105' title='bbox 1472 1869 1580 1930; x_wconf 88' lang='lat' dir='ltr'>senior</span> <span class='ocrx_word' id='word_1_106' title='bbox 1598 1868 1631 1950; x_wconf 91' lang='lat' dir='ltr'>ju</span> 
     </span>
     <span class='ocr_line' id='line_1_13' title="bbox 385 1972 1643 2054; baseline 0.003 -22"><span class='ocrx_word' id='word_1_107' title='bbox 385 1985 470 2032; x_wconf 88' lang='lat' dir='ltr'>ratus</span> <span class='ocrx_word' id='word_1_108' title='bbox 495 1984 526 2032; x_wconf 86' lang='lat' dir='ltr'>et</span> <span class='ocrx_word' id='word_1_109' title='bbox 559 1973 699 2033; x_wconf 89' lang='lat' dir='ltr'>concivis</span> <span class='ocrx_word' id='word_1_110' title='bbox 731 1985 855 2050; x_wconf 88' lang='lat' dir='ltr'>noster,</span> <span class='ocrx_word' id='word_1_111' title='bbox 887 1972 1061 2053; x_wconf 90' lang='lat' dir='ltr'>quamdam</span> <span class='ocrx_word' id='word_1_112' title='bbox 1094 1973 1283 2054; x_wconf 88' lang='lat' dir='ltr'>particulam</span> <span class='ocrx_word' id='word_1_113' title='bbox 1316 1975 1395 2035; x_wconf 91' lang='lat' dir='ltr'>silve</span> <span class='ocrx_word' id='word_1_114' title='bbox 1419 1975 1450 2035; x_wconf 93' lang='lat' dir='ltr'>in</span> <span class='ocrx_word' id='word_1_115' title='bbox 1482 1975 1643 2037; x_wconf 90' lang='lat' dir='ltr'>territorio</span> 
     </span>
     <span class='ocr_line' id='line_1_14' title="bbox 385 2078 1646 2162; baseline 0.003 -23"><span class='ocrx_word' id='word_1_116' title='bbox 385 2093 494 2140; x_wconf 88' lang='lat' dir='ltr'>nostro</span> <span class='ocrx_word' id='word_1_117' title='bbox 518 2078 736 2140; x_wconf 85' lang='lat' dir='ltr'>condicionali</span> <span class='ocrx_word' id='word_1_118' title='bbox 760 2079 859 2159; x_wconf 91' lang='lat' dir='ltr'>vulgo</span> <span class='ocrx_word' id='word_1_119' title='bbox 885 2079 1005 2161; x_wconf 81' lang='lat' dir='ltr'>Eelyak</span> <span class='ocrx_word' id='word_1_120' title='bbox 1030 2093 1155 2159; x_wconf 88' lang='lat' dir='ltr'>vocato,</span> <span class='ocrx_word' id='word_1_121' title='bbox 1184 2099 1284 2162; x_wconf 91' lang='lat' dir='ltr'>prope</span> <span class='ocrx_word' id='word_1_122' title='bbox 1309 2081 1480 2162; x_wconf 90' lang='lat' dir='ltr'>particulas</span> <span class='ocrx_word' id='word_1_123' title='bbox 1505 2081 1646 2143; x_wconf 84' lang='lat' dir='ltr'>vineales</span> 
     </span>
     <span class='ocr_line' id='line_1_15' title="bbox 382 2184 1646 2268; baseline 0.002 -23"><span class='ocrx_word' id='word_1_124' title='bbox 382 2185 508 2264; x_wconf 91' lang='lat' dir='ltr'>providi</span> <span class='ocrx_word' id='word_1_125' title='bbox 533 2184 689 2246; x_wconf 89' lang='lat' dir='ltr'>lobannis</span> <span class='ocrx_word' id='word_1_126' title='bbox 712 2184 871 2266; x_wconf 89' lang='lat' dir='ltr'>agricole;</span> <span class='ocrx_word' id='word_1_127' title='bbox 897 2185 987 2246; x_wconf 88' lang='lat' dir='ltr'>cuius</span> <span class='ocrx_word' id='word_1_128' title='bbox 1024 2187 1103 2247; x_wconf 89' lang='lat' dir='ltr'>silve</span> <span class='ocrx_word' id='word_1_129' title='bbox 1133 2199 1216 2247; x_wconf 92' lang='lat' dir='ltr'>mete</span> <span class='ocrx_word' id='word_1_130' title='bbox 1241 2187 1487 2268; x_wconf 91' lang='lat' dir='ltr'>distinguuntur</span> <span class='ocrx_word' id='word_1_131' title='bbox 1510 2187 1573 2249; x_wconf 91' lang='lat' dir='ltr'>hoc</span> <span class='ocrx_word' id='word_1_132' title='bbox 1597 2207 1646 2248; x_wconf 91' lang='lat' dir='ltr'>or·</span> 
     </span>
     <span class='ocr_line' id='line_1_16' title="bbox 386 2289 1647 2376; baseline 0.003 -26"><span class='ocrx_word' id='word_1_133' title='bbox 386 2289 478 2351; x_wconf 92' lang='lat' dir='ltr'>dine:</span> <span class='ocrx_word' id='word_1_134' title='bbox 505 2291 610 2352; x_wconf 89' lang='lat' dir='ltr'>Prima</span> <span class='ocrx_word' id='word_1_135' title='bbox 635 2304 719 2351; x_wconf 86' lang='lat' dir='ltr'>meta</span> <span class='ocrx_word' id='word_1_136' title='bbox 744 2290 857 2372; x_wconf 90' lang='lat' dir='ltr'>incipit</span> <span class='ocrx_word' id='word_1_137' title='bbox 880 2292 920 2352; x_wconf 90' lang='lat' dir='ltr'>ab</span> <span class='ocrx_word' id='word_1_138' title='bbox 944 2291 1111 2354; x_wconf 88' lang='lat' dir='ltr'>occidente</span> <span class='ocrx_word' id='word_1_139' title='bbox 1144 2312 1161 2352; x_wconf 93' lang='lat' dir='ltr'>a</span> <span class='ocrx_word' id='word_1_140' title='bbox 1186 2290 1278 2354; x_wconf 84' lang='lat' dir='ltr'>lovea</span> <span class='ocrx_word' id='word_1_141' title='bbox 1304 2293 1386 2354; x_wconf 92' lang='lat' dir='ltr'>inter</span> <span class='ocrx_word' id='word_1_142' title='bbox 1409 2295 1523 2356; x_wconf 90' lang='lat' dir='ltr'>silvam</span> <span class='ocrx_word' id='word_1_143' title='bbox 1549 2295 1647 2376; x_wconf 85' lang='lat' dir='ltr'>Jurylt</span> 
     </span>
     <span class='ocr_line' id='line_1_17' title="bbox 386 2397 1650 2480; baseline 0.005 -24"><span class='ocrx_word' id='word_1_144' title='bbox 386 2409 417 2457; x_wconf 92' lang='lat' dir='ltr'>et</span> <span class='ocrx_word' id='word_1_145' title='bbox 441 2397 514 2456; x_wconf 91' lang='lat' dir='ltr'>inde</span> <span class='ocrx_word' id='word_1_146' title='bbox 547 2416 604 2478; x_wconf 91' lang='lat' dir='ltr'>per</span> <span class='ocrx_word' id='word_1_147' title='bbox 633 2397 718 2458; x_wconf 88' lang='lat' dir='ltr'>viam</span> <span class='ocrx_word' id='word_1_148' title='bbox 753 2416 961 2458; x_wconf 88' lang='lat' dir='ltr'>communem</span> <span class='ocrx_word' id='word_1_149' title='bbox 993 2417 1103 2459; x_wconf 90' lang='lat' dir='ltr'>versus</span> <span class='ocrx_word' id='word_1_150' title='bbox 1134 2399 1398 2480; x_wconf 90' lang='lat' dir='ltr'>septemtrionem</span> <span class='ocrx_word' id='word_1_151' title='bbox 1430 2399 1470 2462; x_wconf 91' lang='lat' dir='ltr'>ad</span> <span class='ocrx_word' id='word_1_152' title='bbox 1502 2402 1650 2462; x_wconf 88' lang='lat' dir='ltr'>arborem</span> 
     </span>
     <span class='ocr_line' id='line_1_18' title="bbox 383 2502 1649 2588; baseline 0.004 -26"><span class='ocrx_word' id='word_1_153' title='bbox 383 2502 494 2584; x_wconf 89' lang='lat' dir='ltr'>querci</span> <span class='ocrx_word' id='word_1_154' title='bbox 519 2503 806 2584; x_wconf 78' lang='lat' dir='ltr'>crucesignatum,</span> <span class='ocrx_word' id='word_1_155' title='bbox 831 2503 907 2565; x_wconf 90' lang='lat' dir='ltr'>inde</span> <span class='ocrx_word' id='word_1_156' title='bbox 931 2503 971 2565; x_wconf 89' lang='lat' dir='ltr'>ad</span> <span class='ocrx_word' id='word_1_157' title='bbox 1001 2502 1156 2565; x_wconf 80' lang='lat' dir='ltr'>fossatum</span> <span class='ocrx_word' id='word_1_158' title='bbox 1187 2524 1244 2566; x_wconf 89' lang='lat' dir='ltr'>seu</span> <span class='ocrx_word' id='word_1_159' title='bbox 1276 2504 1447 2566; x_wconf 89' lang='lat' dir='ltr'>decursum</span> <span class='ocrx_word' id='word_1_160' title='bbox 1473 2526 1554 2588; x_wconf 90' lang='lat' dir='ltr'>aque</span> <span class='ocrx_word' id='word_1_161' title='bbox 1579 2507 1649 2588; x_wconf 92' lang='lat' dir='ltr'>plu·</span> 
     </span>
     <span class='ocr_line' id='line_1_19' title="bbox 383 2607 1648 2692; baseline 0.003 -24"><span class='ocrx_word' id='word_1_162' title='bbox 383 2607 477 2670; x_wconf 91' lang='lat' dir='ltr'>vialis</span> <span class='ocrx_word' id='word_1_163' title='bbox 500 2609 599 2690; x_wconf 91' lang='lat' dir='ltr'>vulgo</span> <span class='ocrx_word' id='word_1_164' title='bbox 624 2608 768 2671; x_wconf 80' lang='lat' dir='ltr'>Globolti</span> <span class='ocrx_word' id='word_1_165' title='bbox 791 2609 904 2692; x_wconf 86' lang='lat' dir='ltr'>jar(e)k</span> <span class='ocrx_word' id='word_1_166' title='bbox 928 2623 1090 2688; x_wconf 87' lang='lat' dir='ltr'>vocatum,</span> <span class='ocrx_word' id='word_1_167' title='bbox 1113 2625 1143 2671; x_wconf 93' lang='lat' dir='ltr'>et</span> <span class='ocrx_word' id='word_1_168' title='bbox 1168 2609 1242 2671; x_wconf 90' lang='lat' dir='ltr'>inde</span> <span class='ocrx_word' id='word_1_169' title='bbox 1260 2611 1404 2692; x_wconf 90' lang='lat' dir='ltr'>procedit</span> <span class='ocrx_word' id='word_1_170' title='bbox 1428 2611 1468 2673; x_wconf 91' lang='lat' dir='ltr'>ad</span> <span class='ocrx_word' id='word_1_171' title='bbox 1493 2611 1648 2688; x_wconf 86' lang='lat' dir='ltr'>majorem</span> 
     </span>
     <span class='ocr_line' id='line_1_20' title="bbox 383 2713 1649 2798; baseline 0.003 -23"><span class='ocrx_word' id='word_1_172' title='bbox 383 2713 517 2776; x_wconf 88' lang='lat' dir='ltr'>fluvium</span> <span class='ocrx_word' id='word_1_173' title='bbox 543 2715 692 2778; x_wconf 90' lang='lat' dir='ltr'>similiter</span> <span class='ocrx_word' id='word_1_174' title='bbox 715 2735 798 2797; x_wconf 90' lang='lat' dir='ltr'>aque</span> <span class='ocrx_word' id='word_1_175' title='bbox 823 2715 984 2798; x_wconf 91' lang='lat' dir='ltr'>pluvialis,</span> <span class='ocrx_word' id='word_1_176' title='bbox 1009 2729 1040 2776; x_wconf 91' lang='lat' dir='ltr'>et</span> <span class='ocrx_word' id='word_1_177' title='bbox 1064 2736 1121 2798; x_wconf 91' lang='lat' dir='ltr'>per</span> <span class='ocrx_word' id='word_1_178' title='bbox 1137 2716 1277 2778; x_wconf 88' lang='lat' dir='ltr'>eundem</span> <span class='ocrx_word' id='word_1_179' title='bbox 1306 2717 1409 2779; x_wconf 93' lang='lat' dir='ltr'>tendit</span> <span class='ocrx_word' id='word_1_180' title='bbox 1433 2718 1473 2779; x_wconf 92' lang='lat' dir='ltr'>ad</span> <span class='ocrx_word' id='word_1_181' title='bbox 1498 2720 1649 2779; x_wconf 90' lang='lat' dir='ltr'>trnnkum</span> 
     </span>
     <span class='ocr_line' id='line_1_21' title="bbox 383 2823 1648 2903; baseline 0.002 -21"><span class='ocrx_word' id='word_1_182' title='bbox 383 2835 531 2883; x_wconf 86' lang='lat' dir='ltr'>castanee</span> <span class='ocrx_word' id='word_1_183' title='bbox 556 2841 648 2884; x_wconf 87' lang='lat' dir='ltr'>cruce</span> <span class='ocrx_word' id='word_1_184' title='bbox 673 2823 834 2903; x_wconf 88' lang='lat' dir='ltr'>signatum</span> <span class='ocrx_word' id='word_1_185' title='bbox 852 2843 962 2884; x_wconf 89' lang='lat' dir='ltr'>versus</span> <span class='ocrx_word' id='word_1_186' title='bbox 980 2823 1148 2884; x_wconf 88' lang='lat' dir='ltr'>meridiem</span> <span class='ocrx_word' id='word_1_187' title='bbox 1167 2823 1207 2884; x_wconf 91' lang='lat' dir='ltr'>ad</span> <span class='ocrx_word' id='word_1_188' title='bbox 1225 2825 1372 2884; x_wconf 90' lang='lat' dir='ltr'>arborem</span> <span class='ocrx_word' id='word_1_189' title='bbox 1402 2837 1547 2886; x_wconf 89' lang='lat' dir='ltr'>castanee</span> <span class='ocrx_word' id='word_1_190' title='bbox 1565 2843 1648 2884; x_wconf 90' lang='lat' dir='ltr'>nove</span> 
     </span>
     <span class='ocr_line' id='line_1_22' title="bbox 384 2929 1648 3011; baseline 0.002 -23"><span class='ocrx_word' id='word_1_191' title='bbox 384 2947 477 2989; x_wconf 93' lang='lat' dir='ltr'>cruce</span> <span class='ocrx_word' id='word_1_192' title='bbox 502 2929 658 3009; x_wconf 80' lang='lat' dir='ltr'>signatam</span> <span class='ocrx_word' id='word_1_193' title='bbox 685 2929 717 2989; x_wconf 96' lang='lat' dir='ltr'>in</span> <span class='ocrx_word' id='word_1_194' title='bbox 741 2929 837 2989; x_wconf 88' lang='lat' dir='ltr'>aliam</span> <span class='ocrx_word' id='word_1_195' title='bbox 861 2930 1008 2990; x_wconf 88' lang='lat' dir='ltr'>arborem</span> <span class='ocrx_word' id='word_1_196' title='bbox 1025 2929 1173 2990; x_wconf 88' lang='lat' dir='ltr'>similiter</span> <span class='ocrx_word' id='word_1_197' title='bbox 1190 2943 1336 2991; x_wconf 89' lang='lat' dir='ltr'>castanee</span> <span class='ocrx_word' id='word_1_198' title='bbox 1361 2949 1454 2991; x_wconf 90' lang='lat' dir='ltr'>cruce</span> <span class='ocrx_word' id='word_1_199' title='bbox 1478 2930 1648 3011; x_wconf 88' lang='lat' dir='ltr'>signatam,</span> 
     </span>
     <span class='ocr_line' id='line_1_23' title="bbox 383 3032 1641 3118; baseline 0.002 -24"><span class='ocrx_word' id='word_1_200' title='bbox 383 3053 477 3116; x_wconf 88' lang='lat' dir='ltr'>supra</span> <span class='ocrx_word' id='word_1_201' title='bbox 503 3047 658 3112; x_wconf 89' lang='lat' dir='ltr'>montem,</span> <span class='ocrx_word' id='word_1_202' title='bbox 684 3035 758 3096; x_wconf 91' lang='lat' dir='ltr'>inde</span> <span class='ocrx_word' id='word_1_203' title='bbox 783 3054 839 3116; x_wconf 91' lang='lat' dir='ltr'>per</span> <span class='ocrx_word' id='word_1_204' title='bbox 863 3032 1018 3096; x_wconf 84' lang='lat' dir='ltr'>fossatum</span> <span class='ocrx_word' id='word_1_205' title='bbox 1049 3034 1209 3096; x_wconf 90' lang='lat' dir='ltr'>vinealem</span> <span class='ocrx_word' id='word_1_206' title='bbox 1243 3035 1343 3116; x_wconf 90' lang='lat' dir='ltr'>ipsius</span> <span class='ocrx_word' id='word_1_207' title='bbox 1375 3036 1482 3118; x_wconf 85' lang='lat' dir='ltr'>Jwryk</span> <span class='ocrx_word' id='word_1_208' title='bbox 1507 3036 1547 3096; x_wconf 91' lang='lat' dir='ltr'>ad</span> <span class='ocrx_word' id='word_1_209' title='bbox 1571 3055 1641 3117; x_wconf 93' lang='lat' dir='ltr'>pre-</span> 
     </span>
     <span class='ocr_line' id='line_1_24' title="bbox 384 3138 1649 3224; baseline 0.003 -24"><span class='ocrx_word' id='word_1_210' title='bbox 384 3140 501 3200; x_wconf 85' lang='lat' dir='ltr'>dictam</span> <span class='ocrx_word' id='word_1_211' title='bbox 527 3138 653 3202; x_wconf 86' lang='lat' dir='ltr'>foveam</span> <span class='ocrx_word' id='word_1_212' title='bbox 678 3143 717 3202; x_wconf 92' lang='lat' dir='ltr'>ab</span> <span class='ocrx_word' id='word_1_213' title='bbox 752 3140 928 3219; x_wconf 89' lang='lat' dir='ltr'>occidente,</span> <span class='ocrx_word' id='word_1_214' title='bbox 961 3141 1059 3202; x_wconf 88' lang='lat' dir='ltr'>etsie</span> <span class='ocrx_word' id='word_1_215' title='bbox 1091 3142 1303 3203; x_wconf 88' lang='lat' dir='ltr'>terminantur</span> <span class='ocrx_word' id='word_1_216' title='bbox 1335 3157 1417 3204; x_wconf 87' lang='lat' dir='ltr'>mete</span> <span class='ocrx_word' id='word_1_217' title='bbox 1450 3143 1649 3224; x_wconf 86' lang='lat' dir='ltr'>prescripte;</span> 
     </span>
     <span class='ocr_line' id='line_1_25' title="bbox 388 3245 1642 3331; baseline 0.002 -25"><span class='ocrx_word' id='word_1_218' title='bbox 388 3265 459 3306; x_wconf 89' lang='lat' dir='ltr'>cum</span> <span class='ocrx_word' id='word_1_219' title='bbox 478 3265 635 3307; x_wconf 90' lang='lat' dir='ltr'>consensu</span> <span class='ocrx_word' id='word_1_220' title='bbox 661 3246 736 3307; x_wconf 92' lang='lat' dir='ltr'>dicti</span> <span class='ocrx_word' id='word_1_221' title='bbox 762 3245 918 3308; x_wconf 78' lang='lat' dir='ltr'>iohannis</span> <span class='ocrx_word' id='word_1_222' title='bbox 942 3247 1082 3328; x_wconf 87' lang='lat' dir='ltr'>agricole</span> <span class='ocrx_word' id='word_1_223' title='bbox 1104 3261 1135 3308; x_wconf 92' lang='lat' dir='ltr'>et</span> <span class='ocrx_word' id='word_1_224' title='bbox 1158 3247 1339 3308; x_wconf 90' lang='lat' dir='ltr'>voluntaria</span> <span class='ocrx_word' id='word_1_225' title='bbox 1363 3249 1586 3331; x_wconf 90' lang='lat' dir='ltr'>assumpcione</span> <span class='ocrx_word' id='word_1_226' title='bbox 1610 3248 1642 3308; x_wconf 92' lang='lat' dir='ltr'>in</span> 
     </span>
     <span class='ocr_line' id='line_1_26' title="bbox 382 3353 1644 3436; baseline 0.002 -24"><span class='ocrx_word' id='word_1_227' title='bbox 382 3372 418 3413; x_wconf 91' lang='lat' dir='ltr'>se</span> <span class='ocrx_word' id='word_1_228' title='bbox 442 3353 621 3414; x_wconf 91' lang='lat' dir='ltr'>solucionis</span> <span class='ocrx_word' id='word_1_229' title='bbox 651 3354 749 3414; x_wconf 88' lang='lat' dir='ltr'>trium</span> <span class='ocrx_word' id='word_1_230' title='bbox 782 3353 985 3431; x_wconf 90' lang='lat' dir='ltr'>cubulorum,</span> <span class='ocrx_word' id='word_1_231' title='bbox 1018 3353 1073 3434; x_wconf 93' lang='lat' dir='ltr'>qui</span> <span class='ocrx_word' id='word_1_232' title='bbox 1102 3353 1142 3413; x_wconf 87' lang='lat' dir='ltr'>ad</span> <span class='ocrx_word' id='word_1_233' title='bbox 1174 3353 1342 3414; x_wconf 88' lang='lat' dir='ltr'>ecclesiam</span> <span class='ocrx_word' id='word_1_234' title='bbox 1367 3367 1508 3416; x_wconf 90' lang='lat' dir='ltr'>nostram</span> <span class='ocrx_word' id='word_1_235' title='bbox 1533 3373 1644 3436; x_wconf 92' lang='lat' dir='ltr'>prove-</span> 
     </span>
     <span class='ocr_line' id='line_1_27' title="bbox 385 3457 1647 3541; baseline 0.002 -23"><span class='ocrx_word' id='word_1_236' title='bbox 385 3457 453 3518; x_wconf 91' lang='lat' dir='ltr'>nire</span> <span class='ocrx_word' id='word_1_237' title='bbox 478 3457 649 3537; x_wconf 90' lang='lat' dir='ltr'>debebant,</span> <span class='ocrx_word' id='word_1_238' title='bbox 674 3459 770 3519; x_wconf 92' lang='lat' dir='ltr'>simul</span> <span class='ocrx_word' id='word_1_239' title='bbox 795 3458 835 3519; x_wconf 88' lang='lat' dir='ltr'>de</span> <span class='ocrx_word' id='word_1_240' title='bbox 860 3458 953 3519; x_wconf 91' lang='lat' dir='ltr'>dictis</span> <span class='ocrx_word' id='word_1_241' title='bbox 980 3459 1046 3519; x_wconf 90' lang='lat' dir='ltr'>suis</span> <span class='ocrx_word' id='word_1_242' title='bbox 1079 3459 1289 3540; x_wconf 90' lang='lat' dir='ltr'>porcionibus</span> <span class='ocrx_word' id='word_1_243' title='bbox 1314 3459 1495 3523; x_wconf 90' lang='lat' dir='ltr'>vinealibus</span> <span class='ocrx_word' id='word_1_244' title='bbox 1519 3479 1554 3521; x_wconf 90' lang='lat' dir='ltr'>ac</span> <span class='ocrx_word' id='word_1_245' title='bbox 1578 3479 1647 3541; x_wconf 91' lang='lat' dir='ltr'>pre-</span> 
     </span>
     <span class='ocr_line' id='line_1_28' title="bbox 383 3563 1649 3646; baseline 0.001 -21"><span class='ocrx_word' id='word_1_246' title='bbox 383 3563 458 3625; x_wconf 86' lang='lat' dir='ltr'>fatis</span> <span class='ocrx_word' id='word_1_247' title='bbox 481 3565 561 3626; x_wconf 92' lang='lat' dir='ltr'>silva</span> <span class='ocrx_word' id='word_1_248' title='bbox 586 3565 646 3626; x_wconf 91' lang='lat' dir='ltr'>sibi</span> <span class='ocrx_word' id='word_1_249' title='bbox 670 3565 858 3644; x_wconf 86' lang='lat' dir='ltr'>subiacenti,</span> <span class='ocrx_word' id='word_1_250' title='bbox 884 3566 984 3626; x_wconf 89' lang='lat' dir='ltr'>eciam</span> <span class='ocrx_word' id='word_1_251' title='bbox 1009 3585 1046 3626; x_wconf 88' lang='lat' dir='ltr'>ex</span> <span class='ocrx_word' id='word_1_252' title='bbox 1063 3567 1276 3646; x_wconf 86' lang='lat' dir='ltr'>permissione</span> <span class='ocrx_word' id='word_1_253' title='bbox 1300 3565 1500 3628; x_wconf 88' lang='lat' dir='ltr'>honorabilis</span> <span class='ocrx_word' id='word_1_254' title='bbox 1524 3566 1649 3628; x_wconf 89' lang='lat' dir='ltr'>domini</span> 
     </span>
     <span class='ocr_line' id='line_1_29' title="bbox 386 3670 1647 3754; baseline 0 -23"><span class='ocrx_word' id='word_1_255' title='bbox 386 3670 505 3732; x_wconf 89' lang='lat' dir='ltr'>Mathei</span> <span class='ocrx_word' id='word_1_256' title='bbox 530 3671 659 3754; x_wconf 87' lang='lat' dir='ltr'>plebani</span> <span class='ocrx_word' id='word_1_257' title='bbox 678 3671 761 3733; x_wconf 91' lang='lat' dir='ltr'>dicte</span> <span class='ocrx_word' id='word_1_258' title='bbox 779 3671 912 3732; x_wconf 91' lang='lat' dir='ltr'>ecclesie</span> <span class='ocrx_word' id='word_1_259' title='bbox 930 3685 1037 3733; x_wconf 92' lang='lat' dir='ltr'>nostre</span> <span class='ocrx_word' id='word_1_260' title='bbox 1055 3671 1216 3733; x_wconf 88' lang='lat' dir='ltr'>libertavit</span> <span class='ocrx_word' id='word_1_261' title='bbox 1240 3685 1271 3732; x_wconf 92' lang='lat' dir='ltr'>et</span> <span class='ocrx_word' id='word_1_262' title='bbox 1286 3672 1422 3734; x_wconf 89' lang='lat' dir='ltr'>liberam</span> <span class='ocrx_word' id='word_1_263' title='bbox 1447 3670 1521 3734; x_wconf 85' lang='lat' dir='ltr'>fecit</span> <span class='ocrx_word' id='word_1_264' title='bbox 1539 3691 1647 3734; x_wconf 90' lang='lat' dir='ltr'>coram</span> 
     </span>
     <span class='ocr_line' id='line_1_30' title="bbox 385 3777 1422 3860; baseline 0.003 -22"><span class='ocrx_word' id='word_1_265' title='bbox 385 3778 490 3857; x_wconf 92' lang='lat' dir='ltr'>nobis,</span> <span class='ocrx_word' id='word_1_266' title='bbox 514 3779 599 3840; x_wconf 90' lang='lat' dir='ltr'>unde</span> <span class='ocrx_word' id='word_1_267' title='bbox 623 3797 719 3860; x_wconf 88' lang='lat' dir='ltr'>super</span> <span class='ocrx_word' id='word_1_268' title='bbox 743 3777 901 3840; x_wconf 90' lang='lat' dir='ltr'>habentur</span> <span class='ocrx_word' id='word_1_269' title='bbox 925 3778 1017 3839; x_wconf 90' lang='lat' dir='ltr'>litere</span> <span class='ocrx_word' id='word_1_270' title='bbox 1042 3778 1101 3839; x_wconf 92' lang='lat' dir='ltr'>sub</span> <span class='ocrx_word' id='word_1_271' title='bbox 1125 3778 1280 3860; x_wconf 91' lang='lat' dir='ltr'>pendenti</span> <span class='ocrx_word' id='word_1_272' title='bbox 1304 3777 1422 3859; x_wconf 87' lang='lat' dir='ltr'>sigillo.</span> 
     </span>
    </p>
   </div>
   <div class='ocr_carea' id='block_1_4' title="bbox 381 3918 1650 5074">
    <p class='ocr_par' dir='ltr' id='par_1_4' title="bbox 381 3918 1650 5074">
     <span class='ocr_line' id='line_1_31' title="bbox 490 3918 1646 4004; baseline 0.001 -23"><span class='ocrx_word' id='word_1_273' title='bbox 490 3921 568 3983; x_wconf 89' lang='lat' dir='ltr'>ltem</span> <span class='ocrx_word' id='word_1_274' title='bbox 586 3921 739 4004; x_wconf 90' lang='lat' dir='ltr'>providus</span> <span class='ocrx_word' id='word_1_275' title='bbox 763 3921 811 3982; x_wconf 89' lang='lat' dir='ltr'>vir</span> <span class='ocrx_word' id='word_1_276' title='bbox 829 3921 953 3982; x_wconf 89' lang='lat' dir='ltr'>Blasius</span> <span class='ocrx_word' id='word_1_277' title='bbox 976 3921 1135 3982; x_wconf 85' lang='lat' dir='ltr'>Almanus</span> <span class='ocrx_word' id='word_1_278' title='bbox 1152 3918 1236 3981; x_wconf 89' lang='lat' dir='ltr'>filius</span> <span class='ocrx_word' id='word_1_279' title='bbox 1266 3921 1401 3982; x_wconf 86' lang='lat' dir='ltr'>Lazarin</span> <span class='ocrx_word' id='word_1_280' title='bbox 1427 3921 1466 3981; x_wconf 92' lang='lat' dir='ltr'>de</span> <span class='ocrx_word' id='word_1_281' title='bbox 1492 3921 1646 4003; x_wconf 82' lang='lat' dir='ltr'>Wyllalto</span> 
     </span>
     <span class='ocr_line' id='line_1_32' title="bbox 383 4026 1648 4108; baseline -0.001 -18"><span class='ocrx_word' id='word_1_282' title='bbox 383 4029 494 4090; x_wconf 92' lang='lat' dir='ltr'>senior</span> <span class='ocrx_word' id='word_1_283' title='bbox 518 4027 613 4108; x_wconf 86' lang='lat' dir='ltr'>judex</span> <span class='ocrx_word' id='word_1_284' title='bbox 639 4043 669 4088; x_wconf 92' lang='lat' dir='ltr'>et</span> <span class='ocrx_word' id='word_1_285' title='bbox 692 4027 835 4089; x_wconf 92' lang='lat' dir='ltr'>concivis</span> <span class='ocrx_word' id='word_1_286' title='bbox 859 4041 967 4089; x_wconf 89' lang='lat' dir='ltr'>noster</span> <span class='ocrx_word' id='word_1_287' title='bbox 991 4026 1155 4107; x_wconf 88' lang='lat' dir='ltr'>fidedigno</span> <span class='ocrx_word' id='word_1_288' title='bbox 1190 4027 1377 4089; x_wconf 89' lang='lat' dir='ltr'>testimonio</span> <span class='ocrx_word' id='word_1_289' title='bbox 1401 4041 1432 4088; x_wconf 92' lang='lat' dir='ltr'>et</span> <span class='ocrx_word' id='word_1_290' title='bbox 1456 4040 1648 4090; x_wconf 89' lang='lat' dir='ltr'>testamento</span> 
     </span>
     <span class='ocr_line' id='line_1_33' title="bbox 384 4133 1648 4216; baseline -0.002 -20"><span class='ocrx_word' id='word_1_291' title='bbox 384 4135 503 4216; x_wconf 91' lang='lat' dir='ltr'>scripto</span> <span class='ocrx_word' id='word_1_292' title='bbox 529 4134 666 4195; x_wconf 90' lang='lat' dir='ltr'>condam</span> <span class='ocrx_word' id='word_1_293' title='bbox 691 4134 809 4196; x_wconf 88' lang='lat' dir='ltr'>nobilis</span> <span class='ocrx_word' id='word_1_294' title='bbox 834 4133 959 4194; x_wconf 85' lang='lat' dir='ltr'>Nitolai</span> <span class='ocrx_word' id='word_1_295' title='bbox 984 4134 1113 4193; x_wconf 89' lang='lat' dir='ltr'>sartoris</span> <span class='ocrx_word' id='word_1_296' title='bbox 1146 4133 1185 4194; x_wconf 88' lang='lat' dir='ltr'>de</span> <span class='ocrx_word' id='word_1_297' title='bbox 1211 4133 1369 4212; x_wconf 84' lang='lat' dir='ltr'>Kloltoch,</span> <span class='ocrx_word' id='word_1_298' title='bbox 1404 4135 1482 4195; x_wconf 92' lang='lat' dir='ltr'>olim</span> <span class='ocrx_word' id='word_1_299' title='bbox 1508 4135 1648 4196; x_wconf 89' lang='lat' dir='ltr'>concivis</span> 
     </span>
     <span class='ocr_line' id='line_1_34' title="bbox 386 4238 1647 4320; baseline 0 -20"><span class='ocrx_word' id='word_1_300' title='bbox 386 4240 484 4301; x_wconf 89' lang='lat' dir='ltr'>nostri</span> <span class='ocrx_word' id='word_1_301' title='bbox 511 4239 734 4320; x_wconf 90' lang='lat' dir='ltr'>comprobavit</span> <span class='ocrx_word' id='word_1_302' title='bbox 758 4253 789 4300; x_wconf 92' lang='lat' dir='ltr'>et</span> <span class='ocrx_word' id='word_1_303' title='bbox 821 4238 972 4317; x_wconf 92' lang='lat' dir='ltr'>ostendit,</span> <span class='ocrx_word' id='word_1_304' title='bbox 1005 4238 1093 4319; x_wconf 93' lang='lat' dir='ltr'>quod</span> <span class='ocrx_word' id='word_1_305' title='bbox 1127 4239 1203 4299; x_wconf 92' lang='lat' dir='ltr'>dum</span> <span class='ocrx_word' id='word_1_306' title='bbox 1235 4239 1390 4300; x_wconf 91' lang='lat' dir='ltr'>Nicolaus</span> <span class='ocrx_word' id='word_1_307' title='bbox 1413 4253 1515 4300; x_wconf 88' lang='lat' dir='ltr'>sartor</span> <span class='ocrx_word' id='word_1_308' title='bbox 1540 4240 1571 4300; x_wconf 94' lang='lat' dir='ltr'>in</span> <span class='ocrx_word' id='word_1_309' title='bbox 1597 4259 1647 4300; x_wconf 83' lang='lat' dir='ltr'>ex·</span> 
     </span>
     <span class='ocr_line' id='line_1_35' title="bbox 385 4345 1642 4426; baseline 0 -20"><span class='ocrx_word' id='word_1_310' title='bbox 385 4346 495 4407; x_wconf 86' lang='lat' dir='ltr'>tremis</span> <span class='ocrx_word' id='word_1_311' title='bbox 519 4345 582 4406; x_wconf 89' lang='lat' dir='ltr'>vite</span> <span class='ocrx_word' id='word_1_312' title='bbox 607 4365 662 4406; x_wconf 91' lang='lat' dir='ltr'>sue</span> <span class='ocrx_word' id='word_1_313' title='bbox 686 4346 871 4423; x_wconf 89' lang='lat' dir='ltr'>laborasset,</span> <span class='ocrx_word' id='word_1_314' title='bbox 890 4357 965 4405; x_wconf 92' lang='lat' dir='ltr'>tunc</span> <span class='ocrx_word' id='word_1_315' title='bbox 991 4345 1058 4426; x_wconf 89' lang='lat' dir='ltr'>ipse</span> <span class='ocrx_word' id='word_1_316' title='bbox 1090 4345 1265 4425; x_wconf 90' lang='lat' dir='ltr'>quamdam</span> <span class='ocrx_word' id='word_1_317' title='bbox 1302 4345 1435 4406; x_wconf 90' lang='lat' dir='ltr'>domurn</span> <span class='ocrx_word' id='word_1_318' title='bbox 1461 4365 1550 4408; x_wconf 90' lang='lat' dir='ltr'>suam</span> <span class='ocrx_word' id='word_1_319' title='bbox 1578 4365 1642 4406; x_wconf 91' lang='lat' dir='ltr'>rnu-</span> 
     </span>
     <span class='ocr_line' id='line_1_36' title="bbox 383 4441 1645 4530; baseline -0.002 -16"><span class='ocrx_word' id='word_1_320' title='bbox 383 4467 485 4514; x_wconf 90' lang='lat' dir='ltr'>ratam</span> <span class='ocrx_word' id='word_1_321' title='bbox 510 4441 606 4512; x_wconf 91' lang='lat' dir='ltr'>simul</span> <span class='ocrx_word' id='word_1_322' title='bbox 630 4471 703 4512; x_wconf 87' lang='lat' dir='ltr'>cum</span> <span class='ocrx_word' id='word_1_323' title='bbox 737 4451 838 4513; x_wconf 86' lang='lat' dir='ltr'>fundo</span> <span class='ocrx_word' id='word_1_324' title='bbox 871 4451 976 4512; x_wconf 87' lang='lat' dir='ltr'>eidem</span> <span class='ocrx_word' id='word_1_325' title='bbox 1011 4451 1123 4512; x_wconf 91' lang='lat' dir='ltr'>domui</span> <span class='ocrx_word' id='word_1_326' title='bbox 1155 4467 1278 4512; x_wconf 86' lang='lat' dir='ltr'>murare</span> <span class='ocrx_word' id='word_1_327' title='bbox 1311 4451 1487 4530; x_wconf 88' lang='lat' dir='ltr'>adiacente,</span> <span class='ocrx_word' id='word_1_328' title='bbox 1512 4471 1548 4513; x_wconf 88' lang='lat' dir='ltr'>ac</span> <span class='ocrx_word' id='word_1_329' title='bbox 1573 4471 1645 4512; x_wconf 91' lang='lat' dir='ltr'>cum</span> 
     </span>
     <span class='ocr_line' id='line_1_37' title="bbox 381 4557 1646 4639; baseline 0 -19"><span class='ocrx_word' id='word_1_330' title='bbox 381 4559 450 4621; x_wconf 91' lang='lat' dir='ltr'>alio</span> <span class='ocrx_word' id='word_1_331' title='bbox 476 4557 577 4619; x_wconf 85' lang='lat' dir='ltr'>fundo</span> <span class='ocrx_word' id='word_1_332' title='bbox 602 4557 736 4620; x_wconf 86' lang='lat' dir='ltr'>edificiis</span> <span class='ocrx_word' id='word_1_333' title='bbox 760 4559 875 4639; x_wconf 89' lang='lat' dir='ltr'>ligneis</span> <span class='ocrx_word' id='word_1_334' title='bbox 908 4559 1071 4636; x_wconf 88' lang='lat' dir='ltr'>decorato,</span> <span class='ocrx_word' id='word_1_335' title='bbox 1096 4573 1180 4620; x_wconf 86' lang='lat' dir='ltr'>retro</span> <span class='ocrx_word' id='word_1_336' title='bbox 1212 4559 1347 4620; x_wconf 89' lang='lat' dir='ltr'>eandem</span> <span class='ocrx_word' id='word_1_337' title='bbox 1373 4559 1507 4620; x_wconf 90' lang='lat' dir='ltr'>domum</span> <span class='ocrx_word' id='word_1_338' title='bbox 1532 4573 1563 4621; x_wconf 93' lang='lat' dir='ltr'>et</span> <span class='ocrx_word' id='word_1_339' title='bbox 1586 4574 1646 4621; x_wconf 91' lang='lat' dir='ltr'>sta-</span> 
     </span>
     <span class='ocr_line' id='line_1_38' title="bbox 381 4665 1647 4748; baseline 0.002 -22"><span class='ocrx_word' id='word_1_340' title='bbox 381 4667 495 4726; x_wconf 90' lang='lat' dir='ltr'>ciones</span> <span class='ocrx_word' id='word_1_341' title='bbox 519 4679 659 4726; x_wconf 90' lang='lat' dir='ltr'>muratas</span> <span class='ocrx_word' id='word_1_342' title='bbox 683 4684 700 4725; x_wconf 90' lang='lat' dir='ltr'>a</span> <span class='ocrx_word' id='word_1_343' title='bbox 724 4679 813 4745; x_wconf 90' lang='lat' dir='ltr'>parte</span> <span class='ocrx_word' id='word_1_344' title='bbox 837 4665 1078 4748; x_wconf 87' lang='lat' dir='ltr'>septemtrionis</span> <span class='ocrx_word' id='word_1_345' title='bbox 1101 4665 1222 4744; x_wconf 89' lang='lat' dir='ltr'>habito,</span> <span class='ocrx_word' id='word_1_346' title='bbox 1255 4665 1360 4726; x_wconf 91' lang='lat' dir='ltr'>eidem</span> <span class='ocrx_word' id='word_1_347' title='bbox 1386 4666 1496 4727; x_wconf 89' lang='lat' dir='ltr'>domui</span> <span class='ocrx_word' id='word_1_348' title='bbox 1523 4681 1647 4728; x_wconf 90' lang='lat' dir='ltr'>murate</span> 
     </span>
     <span class='ocr_line' id='line_1_39' title="bbox 382 4771 1650 4852; baseline 0.002 -20"><span class='ocrx_word' id='word_1_349' title='bbox 382 4785 412 4833; x_wconf 91' lang='lat' dir='ltr'>et</span> <span class='ocrx_word' id='word_1_350' title='bbox 439 4771 572 4832; x_wconf 89' lang='lat' dir='ltr'>stacioni</span> <span class='ocrx_word' id='word_1_351' title='bbox 606 4772 773 4833; x_wconf 90' lang='lat' dir='ltr'>adiacente</span> <span class='ocrx_word' id='word_1_352' title='bbox 798 4773 837 4832; x_wconf 92' lang='lat' dir='ltr'>ab</span> <span class='ocrx_word' id='word_1_353' title='bbox 862 4772 974 4833; x_wconf 89' lang='lat' dir='ltr'>eadem</span> <span class='ocrx_word' id='word_1_354' title='bbox 1000 4772 1108 4852; x_wconf 90' lang='lat' dir='ltr'>itaque</span> <span class='ocrx_word' id='word_1_355' title='bbox 1125 4771 1224 4832; x_wconf 90' lang='lat' dir='ltr'>domo</span> <span class='ocrx_word' id='word_1_356' title='bbox 1249 4786 1373 4835; x_wconf 87' lang='lat' dir='ltr'>murata</span> <span class='ocrx_word' id='word_1_357' title='bbox 1398 4787 1429 4834; x_wconf 91' lang='lat' dir='ltr'>et</span> <span class='ocrx_word' id='word_1_358' title='bbox 1453 4774 1650 4835; x_wconf 81' lang='lat' dir='ltr'>stationibus</span> 
     </span>
     <span class='ocr_line' id='line_1_40' title="bbox 382 4878 1648 4963; baseline 0.004 -25"><span class='ocrx_word' id='word_1_359' title='bbox 382 4899 398 4939; x_wconf 89' lang='lat' dir='ltr'>a</span> <span class='ocrx_word' id='word_1_360' title='bbox 427 4878 559 4939; x_wconf 87' lang='lat' dir='ltr'>meridie</span> <span class='ocrx_word' id='word_1_361' title='bbox 586 4878 702 4940; x_wconf 88' lang='lat' dir='ltr'>habitis</span> <span class='ocrx_word' id='word_1_362' title='bbox 724 4879 921 4960; x_wconf 88' lang='lat' dir='ltr'>incipiend0,</span> <span class='ocrx_word' id='word_1_363' title='bbox 947 4893 977 4941; x_wconf 93' lang='lat' dir='ltr'>et</span> <span class='ocrx_word' id='word_1_364' title='bbox 1002 4899 1102 4961; x_wconf 89' lang='lat' dir='ltr'>usque</span> <span class='ocrx_word' id='word_1_365' title='bbox 1131 4879 1219 4940; x_wconf 92' lang='lat' dir='ltr'>aliud</span> <span class='ocrx_word' id='word_1_366' title='bbox 1252 4879 1387 4941; x_wconf 81' lang='lat' dir='ltr'>fundum</span> <span class='ocrx_word' id='word_1_367' title='bbox 1413 4901 1551 4942; x_wconf 88' lang='lat' dir='ltr'>vacuum</span> <span class='ocrx_word' id='word_1_368' title='bbox 1575 4901 1648 4963; x_wconf 94' lang='lat' dir='ltr'>pro·</span> 
     </span>
     <span class='ocr_line' id='line_1_41' title="bbox 382 4983 1649 5074; baseline 0.002 -26"><span class='ocrx_word' id='word_1_369' title='bbox 382 4985 450 5052; x_wconf 86' lang='lat' dir='ltr'>vidi</span> <span class='ocrx_word' id='word_1_370' title='bbox 477 4984 638 5053; x_wconf 86' lang='lat' dir='ltr'>Dominici</span> <span class='ocrx_word' id='word_1_371' title='bbox 672 4985 801 5053; x_wconf 87' lang='lat' dir='ltr'>litterati</span> <span class='ocrx_word' id='word_1_372' title='bbox 826 4983 883 5052; x_wconf 81' lang='lat' dir='ltr'>filii</span> <span class='ocrx_word' id='word_1_373' title='bbox 911 4984 1097 5069; x_wconf 84' lang='lat' dir='ltr'>Perowych,</span> <span class='ocrx_word' id='word_1_374' title='bbox 1122 4986 1162 5052; x_wconf 88' lang='lat' dir='ltr'>ab</span> <span class='ocrx_word' id='word_1_375' title='bbox 1195 4985 1264 5072; x_wconf 91' lang='lat' dir='ltr'>ipso</span> <span class='ocrx_word' id='word_1_376' title='bbox 1298 4987 1525 5074; x_wconf 89' lang='lat' dir='ltr'>septemtrione</span> <span class='ocrx_word' id='word_1_377' title='bbox 1553 4987 1649 5056; x_wconf 80' lang='lat' dir='ltr'>situm</span> 
     </span>
    </p>
   </div>
   <div class='ocr_carea' id='block_1_5' title="bbox 0 0 1926 5802">
    <p class='ocr_par' dir='ltr' id='par_1_5' title="bbox 0 0 1926 5802">
     <span class='ocr_line' id='line_1_42' title="bbox 0 0 1926 5802; baseline 0 0"><span class='ocrx_word' id='word_1_378' title='bbox 0 0 1926 5802; x_wconf 95' lang='lat' dir='ltr'> </span> 
     </span>
    </p>
   </div>
  </div>
 </body>
</html>
