3810 5806
385 535 427 597 54
915 519 1000 575 Anno
1023 513 1116 594 1486.

383 733 456 794 tatis
479 745 635 808 sutorum,
660 751 676 792 a
699 743 787 811 parte
811 750 887 791 vero
911 729 1103 791 occidentali
1128 749 1227 810 penes
1250 742 1348 790 terras
1377 730 1514 792 arabiles
1538 731 1646 814 hospi-

386 839 457 900 talis
481 852 588 900 sancte
616 838 716 899 Marie
741 849 893 898 annotate
918 837 949 897 in
979 835 1063 896 dicta
1095 835 1222 896 civitate
1255 833 1392 916 fundati,
1417 858 1435 898 a
1457 852 1545 918 parte
1570 859 1646 901 vero

385 944 588 1006 meridionali
615 964 715 1025 usque
749 943 923 1020 fossatum,
955 963 972 1002 a
1005 956 1093 1024 parte
1126 956 1233 1004 autem
1265 945 1518 1025 septemtrionali
1551 966 1650 1028 penes

384 1052 469 1112 viam
495 1069 700 1112 communem
738 1051 888 1132 Philippo
914 1049 1114 1134 bechethycz
1147 1049 1232 1111 dicto
1263 1048 1331 1112 filio
1356 1050 1476 1112 Vrbani
1501 1053 1646 1115 lanthicz

385 1159 470 1220 dicto
495 1159 533 1218 de
559 1159 748 1239 Nanlroywn
775 1156 931 1218 moderno
948 1156 1051 1238 jurato
1069 1171 1178 1218 nostro
1199 1175 1257 1238 pro
1283 1175 1400 1218 novem
1426 1157 1505 1237 flor,
1531 1159 1576 1242 (et
1592 1181 1648 1243 per

385 1265 471 1346 eum)
496 1266 561 1326 suis
585 1263 768 1341 heredibus,
792 1263 933 1324 habitam
959 1277 989 1323 et
1013 1263 1212 1324 existentem.

492 1371 569 1432 ltem
594 1370 682 1452 quod
705 1383 892 1431 executores
916 1370 1098 1430 testamenti
1131 1369 1269 1430 condam
1302 1369 1434 1432 domine
1467 1371 1568 1433 Eleue
1601 1393 1649 1434 re-

385 1479 458 1539 licte
483 1477 619 1539 condam
646 1476 801 1538 Anthonii
827 1477 942 1558 judicis
966 1491 997 1538 et
1025 1475 1167 1537 concivis
1185 1476 1294 1551 nostri,
1313 1476 1480 1539 videlicet:
1498 1480 1649 1560 magister

387 1584 567 1667 Stephanus
591 1584 764 1645 canonicus
789 1583 922 1644 ecclesie
954 1582 1169 1663 zagrabiensis
1205 1603 1331 1644 necnon
1365 1583 1522 1665 plebanus
1546 1588 1646 1648 sancti

386 1691 529 1774 Marchy,
553 1711 589 1752 ac
614 1691 725 1751 Simon
740 1704 841 1751 sartor
858 1710 894 1750 ac
912 1689 1069 1750 Martinus
1087 1689 1294 1771 Dwmowycz
1313 1689 1528 1754 vendiderunt
1546 1711 1647 1773 quan-

386 1799 459 1860 dam
485 1799 610 1859 vineam
638 1795 876 1858 Kamenschacz
893 1811 1050 1874 vocatam,
1079 1796 1111 1856 in
1129 1796 1289 1856 territorio
1314 1811 1433 1874 nostro,
1458 1798 1555 1860 simul
1574 1819 1647 1860 cum

386 1905 511 1988 (b)ortis
543 1919 573 1965 et
604 1903 732 1965 stabulo
764 1903 908 1964 eiusdem
941 1902 1033 1963 vinee
1065 1903 1317 1981 subiacentibus,
1350 1923 1385 1964 ac
1417 1903 1647 1985 desuperiusa

385 2009 637 2093 septemtrionali
670 2029 743 2070 cum
773 2008 966 2089 quibusdam
1001 2009 1145 2090 quinque
1177 2009 1292 2088 sulcis,
1325 2009 1388 2070 alio
1420 2011 1519 2073 modo
1551 2013 1648 2094 grede

387 2118 480 2196 dicte,
505 2117 668 2178 mediante
693 2115 859 2196 quoddam
885 2113 1015 2194 fossato,
1049 2129 1080 2176 et
1104 2115 1186 2176 inter
1218 2114 1352 2196 (h)ortos
1376 2117 1517 2179 virorum
1542 2120 1649 2200 provi-

387 2223 501 2284 dorum
527 2237 557 2283 et
582 2223 790 2283 honestorum
817 2220 950 2302 Georgii
983 2220 1221 2304 Wythkowycz
1253 2222 1379 2303 pridem
1411 2222 1526 2304 judicis
1550 2227 1649 2287 nostri

386 2345 417 2392 et
441 2329 594 2412 Stephani
620 2329 832 2410 Shwmanycz
857 2347 892 2388 ac
918 2327 1051 2408 Georgii
1085 2328 1225 2408 agricole
1258 2329 1349 2391 aliter
1375 2331 1469 2392 Wrsa
1494 2331 1582 2412 dicti,
1607 2335 1647 2394 ab

387 2436 534 2498 orientali
559 2449 658 2517 parte,
683 2455 719 2496 ac
745 2435 826 2495 inter
849 2434 977 2495 vineam
1000 2449 1029 2495 et
1046 2433 1201 2514 (b)ortum
1227 2435 1352 2496 Nicolai
1377 2436 1517 2517 agricole
1535 2435 1647 2500 Safran

388 2542 464 2604 dicti
489 2543 529 2602 ab
554 2541 745 2602 occidentali
772 2555 870 2621 parte,
897 2539 1045 2600 Emerico
1075 2539 1215 2621 sellipari
1237 2541 1363 2622 pridem
1387 2541 1491 2624 jurato
1516 2555 1547 2604 et
1571 2563 1646 2605 cou-

387 2649 448 2710 civi
473 2662 582 2709 nostro
607 2668 665 2728 pro
690 2647 863 2708 duodecim
888 2646 957 2709 flor.
985 2647 1053 2707 auri
1078 2659 1109 2708 et
1132 2666 1188 2728 per
1213 2667 1288 2708 eum
1305 2648 1370 2709 suis
1394 2648 1577 2730 heredibus,
1594 2650 1650 2714 ha·

388 2756 487 2817 bitarn
512 2769 543 2816 et
567 2755 721 2817 habitum.

494 2861 572 2924 Item
597 2861 684 2942 quod
709 2861 784 2942 quia
810 2861 961 2939 briccius,
995 2859 1087 2922 aliter
1121 2860 1225 2922 Mirko
1258 2861 1372 2940 dictus,
1397 2863 1649 2946 molendinator,

388 2968 533 3030 vendidit
559 2968 722 3050 quandam
757 2967 945 3050 particulam
980 2967 1073 3027 vinee
1105 2986 1161 3028 sue
1185 2968 1281 3028 simul
1314 2988 1386 3030 cum
1419 2969 1559 3051 virgulto
1590 2972 1651 3033 sibi

388 3076 576 3154 subiacenti,
601 3075 741 3153 divisim,
767 3076 825 3135 sub
845 3074 904 3134 biis
929 3074 1038 3134 metis:
1064 3087 1186 3155 aparte
1210 3075 1358 3136 orientali
1384 3096 1485 3158 usque
1511 3077 1650 3140 rivulum

388 3205 444 3245 seu
468 3184 635 3246 decursum
662 3202 744 3263 aque
769 3181 929 3264 pluvialis,
953 3201 970 3241 a
994 3193 1082 3262 parte
1108 3181 1312 3242 meridionali
1341 3183 1520 3245 abeodem
1546 3185 1650 3247 rivulo

389 3290 596 3373 procedendo
620 3290 660 3354 ad
686 3291 833 3350 arborem
856 3289 970 3369 graber
986 3301 1145 3366 vocatam,
1171 3289 1246 3350 inde
1263 3309 1358 3372 super
1382 3292 1589 3373 procedendo
1607 3292 1648 3354 ad

389 3400 535 3460 arborem
568 3398 663 3479 pinus
687 3397 785 3477 vulgo
810 3396 919 3476 jawor,
951 3414 1046 3476 super
1078 3396 1283 3475 procedendo
1316 3397 1356 3458 ad
1380 3399 1529 3460 arborem
1554 3399 1651 3478 cleni,

389 3505 465 3566 inde
481 3523 575 3586 super
598 3502 803 3585 procedendo
829 3502 868 3563 ad
888 3502 1033 3562 arborem
1061 3521 1162 3582 prune
1186 3503 1285 3583 vulgo
1310 3504 1403 3584 zluga
1427 3510 1491 3584 (sic)
1514 3505 1560 3566 cis
1577 3506 1652 3586 (sic)

391 3611 524 3672 eandem
545 3609 656 3690 parte?
679 3609 900 3670 convicinatur
932 3607 1024 3668 vinee
1053 3607 1197 3670 eiusdem
1217 3609 1341 3689 Briccii,
1367 3625 1397 3672 et
1414 3612 1496 3674 inter
1522 3611 1649 3674 easdem

392 3717 511 3779 mediat
546 3737 641 3798 parva
686 3729 780 3792 meta,
824 3735 841 3776 a
873 3727 961 3796 parte
993 3713 1184 3775 occidentali
1225 3716 1275 3776 via
1307 3717 1435 3798 publica
1477 3738 1533 3779 seu
1565 3737 1652 3780 com·

392 3825 508 3902 munis,
533 3836 657 3905 aparte
682 3842 758 3885 vero
783 3821 912 3883 australi
934 3821 1027 3881 vinea
1053 3820 1183 3882 domine
1204 3823 1365 3885 Dorothee
1389 3823 1527 3906 (relicte)
1552 3826 1651 3886 blasii

391 3932 546 3993 institoris
571 3931 690 4012 llowey
715 3929 801 4008 dicti,
827 3943 857 3991 et
881 3929 963 3989 inter
995 3927 1122 3988 easdem
1156 3929 1275 3990 mediat
1299 3930 1431 4011 quidam
1455 3933 1577 3993 rivulus
1594 3951 1651 3994 seu

394 4038 547 4099 decursus
571 4057 654 4118 aque
672 4037 832 4119 pluvialis,
851 4035 957 4097 Blasio
986 4054 1096 4115 sporar
1122 4034 1189 4096 filio
1207 4036 1304 4098 Blasii
1322 4037 1360 4097 de
1378 4038 1653 4123 Zenthywrdwar,

392 4163 451 4227 pro
476 4143 605 4205 duobus
629 4142 698 4206 flor.
724 4156 754 4204 et
777 4143 843 4203 suis
866 4141 1049 4203 heredibus.
