3810 5806
389 523 448 604 136
915 516 1101 581 Inventam.

490 734 567 796 ltem
586 753 687 796 unum
705 733 905 811 psalterium,
922 733 991 795 sine
1008 731 1207 812 kalendario,
1225 731 1312 814 quod
1330 732 1442 814 incipit
1464 751 1536 792 curn
1554 746 1649 793 nota:

388 840 582 918 »Scientes‹‚
607 855 637 901 et
662 841 693 901 in
718 837 781 900 fine
805 839 907 920 prime
931 839 1047 921 pagine
1071 838 1204 901 secundi
1228 835 1298 900 folii
1322 836 1410 900 finit:
1439 836 1646 917 »sacrificia‹‚

389 966 460 1007 cum
480 947 597 1028 impnis
614 947 646 1007 in
663 944 726 1007 fine
744 961 774 1007 et
792 946 1003 1028 responsoriis
1020 959 1050 1007 et
1066 945 1221 1025 versibus,
1245 964 1318 1006 cum
1343 959 1430 1024 nota,
1449 945 1488 1005 de
1504 957 1650 1026 tempore

383 1053 476 1116 etde
501 1051 598 1131 festis,
623 1067 654 1114 et
677 1051 762 1113 finit:
791 1052 998 1114 »intercedite
1023 1072 1081 1134 pro
1106 1067 1214 1113 nostra
1238 1052 1385 1113 omnium
1409 1051 1540 1114 salute<
1577 1101 1580 1108 .

819 1299 1062 1381 Sequuntur
1088 1300 1319 1361 Breviaria.

490 1460 599 1521 Primo
624 1478 724 1520 unum
743 1459 936 1520 Briviarium
953 1459 1028 1520 satis
1046 1460 1154 1540 magni
1171 1459 1358 1537 voluminis,
1375 1458 1496 1521 habens
1513 1459 1546 1520 in
1564 1459 1650 1541 prin-

385 1567 471 1649 cipio
496 1565 650 1628 Officium
675 1565 713 1626 de
730 1581 838 1626 sancta
857 1565 968 1644 Aulra,
993 1581 1024 1626 et
1041 1565 1276 1644 kalendarium,
1301 1579 1332 1628 et
1349 1565 1479 1648 incipit:
1509 1565 1650 1646 »Regem

385 1693 538 1756 magnum
572 1673 744 1734 adoremus
776 1671 979 1750 dominum«,
1013 1687 1043 1733 et
1073 1673 1104 1733 in
1136 1673 1241 1754 prima
1273 1672 1390 1754 pagina
1421 1672 1553 1733 secundi
1580 1670 1649 1733 folii

385 1780 470 1844 finit:
499 1779 612 1858 »nisi«,
637 1792 668 1841 et
693 1780 724 1839 in
750 1778 812 1840 fine
837 1778 909 1839 libri
935 1777 1020 1839 finit:
1049 1779 1276 1840 »ecclesiarum
1301 1779 1482 1839 omnium«.

492 1886 570 1948 ltem
596 1904 695 1946 unum
720 1885 809 1945 aliud
835 1885 1027 1946 Briviarium
1053 1904 1125 1945 cum
1158 1884 1336 1946 kalendarii
1360 1897 1461 1966 parte,
1485 1897 1516 1946 et
1541 1884 1652 1966 incipit

386 2011 458 2054 cum
484 1992 628 2054 rubrica:
656 1990 709 2052 »ln
735 1991 850 2052 diebus
874 1991 1047 2052 dominicis
1070 2009 1129 2072 pro
1152 2004 1332 2073 tempore«,
1357 2004 1388 2051 et
1412 1990 1444 2051 in
1469 1990 1571 2072 prima
1596 2009 1651 2072 pa·

384 2100 459 2181 gina
483 2099 616 2161 secundi
641 2097 711 2161 folii
744 2096 832 2159 finit:
869 2111 976 2160 »sutor
1009 2118 1155 2176 eorum«,
1187 2111 1219 2159 et
1250 2098 1283 2158 in
1316 2095 1378 2158 fine
1407 2096 1481 2159 libri
1506 2095 1576 2158 finit
1599 2097 1650 2158 in:

389 2205 593 2288 »Antiphone
618 2205 658 2266 ad
683 2203 877 2286 Magnificat‚
911 2205 950 2265 de
985 2207 1077 2267 beata
1110 2204 1306 2278 Dorothear,
1339 2203 1463 2286 legatus
1488 2205 1650 2287 prebende

386 2311 486 2372 sancti
511 2309 637 2372 Nicolai
662 2331 718 2392 per
743 2310 880 2372 condam
906 2311 1078 2372 Nicolaum
1104 2323 1279 2372 cantorem.

494 2433 571 2494 ltem
597 2453 696 2495 unum
731 2433 820 2495 aliud
845 2434 1036 2496 Briviariunr
1071 2455 1144 2496 cum
1169 2434 1357 2496 kalendario
1382 2449 1466 2514 ante,
1492 2435 1580 2516 quod
1605 2435 1651 2496 in·

387 2540 465 2623 cipit
489 2559 562 2602 cum
587 2541 730 2602 rubrica:
760 2541 1036 2618 »Invitatorium‹‚
1069 2556 1100 2603 et
1132 2556 1242 2624 postea
1266 2561 1338 2603 cum
1371 2542 1481 2622 nigro:
1512 2543 1653 2624 »Regem

388 2666 575 2728 magnum«,
600 2661 631 2709 et
664 2649 696 2708 in
728 2645 791 2708 fine
824 2649 924 2730 prime
957 2649 1074 2729 pagine
1107 2648 1239 2710 secundi
1274 2647 1343 2710 folii
1368 2647 1454 2710 finit:
1495 2649 1652 2711 »Domine

387 2753 466 2816 deus
490 2771 615 2831 meus«,
639 2769 669 2814 et
694 2754 725 2814 in
751 2751 815 2815 fine
840 2755 913 2815 libri
938 2752 1025 2815 finit:
1061 2755 1161 2833 »Ex«,
1194 2755 1227 2816 in
1254 2755 1439 2838 Antiphone
1463 2755 1504 2817 ad
1529 2755 1652 2836 Magni-

387 2857 470 2937 ficat,
495 2858 534 2919 de
559 2860 649 2920 beata
677 2859 851 2938 Dorothea‚
877 2859 997 2921 babens
1022 2880 1095 2921 cum
1129 2862 1271 2923 rubrica:
1312 2861 1471 2943 »Explicit
1494 2861 1576 2923 liber
1597 2883 1653 2945 per

387 2965 501 3027 manus
525 2965 609 3026 Petri
634 2964 691 3026 filii
717 2967 845 3045 lalus«,
871 2980 902 3028 et
926 2981 972 3028 est
997 2967 1120 3048 legatus
1137 2967 1301 3050 prebende
1323 2983 1506 3030 sanctorum
1532 2970 1650 3032 Cosme

388 3086 418 3136 et
454 3073 602 3134 Damiani
640 3074 805 3135 martirum
837 3093 892 3153 per
924 3073 1062 3135 condam
1095 3074 1264 3136 dominum
1298 3075 1441 3136 Blasium
1470 3077 1650 3140 custodem.

493 3179 569 3241 ltem
603 3180 689 3240 aliud
726 3180 916 3242 Briviarium
953 3200 1025 3242 cum
1060 3181 1248 3244 kalendario
1280 3197 1363 3260 ante,
1398 3183 1486 3264 quod
1520 3183 1651 3267 incipit:

390 3287 527 3348 »Beatus
550 3287 631 3366 vir«,
656 3302 687 3348 et
711 3288 743 3347 in
768 3285 830 3348 fine
849 3287 950 3368 prime
967 3288 1085 3370 pagine
1102 3287 1234 3350 secundi
1252 3287 1338 3350 solii:
1361 3288 1413 3349 »in
1436 3291 1560 3370 gemitu
1578 3310 1650 3354 meo

388 3394 492 3471 lava«,
518 3407 549 3456 et
572 3391 641 3455 finit
665 3395 745 3455 liber
770 3395 802 3456 iu
827 3391 947 3456 Officio
973 3394 1200 3457 Dedicacionis
1217 3395 1360 3474 ecclesie,
1385 3396 1506 3458 habens
1530 3397 1562 3458 in
1589 3397 1650 3461 fine

388 3499 549 3561 lecciones
573 3499 611 3561 de
643 3515 752 3562 sancto
788 3501 973 3579 Benedicto,
1006 3500 1045 3562 de
1078 3503 1171 3562 beato
1205 3502 1386 3582 Augustino
1419 3517 1450 3563 et
1481 3503 1519 3564 de
1544 3518 1650 3566 sancta

389 3604 505 3669 Cruce.

493 3712 571 3774 ltem
597 3712 685 3773 aliud
711 3713 913 3791 Briviarium,
939 3715 1087 3796 spissum,
1120 3715 1241 3778 habens
1272 3731 1345 3800 post
1369 3717 1592 3780 kalendarium
1618 3719 1649 3779 in

387 3817 479 3898 nigra
503 3818 593 3880 litera
621 3819 770 3901 »Incipit:
805 3821 928 3902 Regem
956 3841 1142 3901 magnumc,
1168 3825 1226 3884 sub
1251 3843 1315 3905 qua
1346 3824 1437 3886 litera
1462 3825 1493 3886 in
1519 3825 1649 3906 capitali

386 3924 523 3986 babetur
546 3945 664 4007 ymago
689 3925 862 3988 maiestatis
886 3941 916 3988 et
949 3929 1128 4011 subymago
1162 3929 1268 3990 Dauid
1300 3932 1383 4012 regis
1412 3950 1485 3993 cum
1509 3951 1597 4014 arpa,
1621 3946 1651 3994 et

387 4031 419 4091 in
443 4029 508 4092 fine
532 4031 634 4112 prime
659 4033 774 4112 pagine
807 4033 938 4094 secundi
972 4031 1041 4094 folii
1075 4033 1160 4095 finit:
1189 4035 1242 4096 »ln
1266 4034 1494 4120 {convertendo
1519 4038 1596 4118 mi«,
1621 4052 1650 4099 et

387 4137 419 4198 in
443 4134 507 4197 fine
532 4137 604 4198 libri
629 4135 698 4198 finit
723 4139 754 4198 in
781 4137 900 4200 Officio
926 4139 1161 4219 Dedicacionis‚
1195 4142 1227 4202 in
1261 4143 1436 4225 antiphona
1461 4144 1501 4206 ad
1527 4144 1649 4227 Magni·

387 4241 459 4304 ficat
483 4242 523 4304 ad
548 4243 704 4304 secundas
728 4245 901 4326 Vesperas:
931 4247 1087 4310 »zaroc«.

493 4348 570 4409 ltem
590 4369 671 4411 unus
695 4350 776 4411 liber
803 4352 954 4412 Breviarii
980 4353 1100 4413 habens
1118 4353 1295 4434 marginem
1315 4354 1347 4415 in
1365 4354 1486 4437 medie,
1510 4357 1586 4419 satis
1610 4357 1649 4419 de

387 4457 582 4536 competenti
609 4457 709 4536 litera,
734 4457 773 4517 de
797 4471 942 4540 tempore
961 4458 1169 4520 solummodo
1194 4473 1225 4520 et
1240 4460 1308 4522 sine
1332 4461 1495 4542 psalterio,
1521 4464 1577 4545 qui
1601 4463 1649 4524 in·

387 4561 482 4642 cipit:
509 4565 556 4621 »A
581 4562 695 4624 diebus
719 4564 892 4644 antiquis‹‚
926 4577 957 4626 et
988 4565 1020 4625 in
1052 4563 1113 4626 fine
1138 4565 1240 4646 prime
1274 4567 1389 4648 pagine
1421 4570 1553 4630 secundi
1579 4568 1649 4631 lolii

388 4664 475 4728 finit:
505 4669 604 4729 »sicut
629 4670 660 4729 in
678 4670 857 4748 vastitate«,
883 4671 961 4732 etin
980 4670 1041 4732 fine
1058 4671 1132 4732 libri
1150 4669 1236 4733 finit:
1265 4674 1375 4754 »quasi
1393 4694 1456 4753 ros,
1473 4689 1504 4736 et
1521 4675 1650 4754 lsrael«,

389 4773 479 4834 cuius
504 4775 667 4836 residuum
692 4774 788 4836 habet
812 4778 961 4857 magister
988 4776 1169 4858 Stephanus
1194 4777 1345 4840 Farkasii.

493 4880 571 4942 ltem
597 4901 696 4941 unum
724 4882 923 4944 Breviarium
950 4884 1025 4945 satis
1048 4883 1185 4966 spissum
1204 4897 1234 4944 et
1258 4884 1417 4964 pulcrum,
1443 4905 1515 4948 cum
1541 4887 1648 4949 kalen-

388 4984 479 5047 dario
504 5000 535 5048 ct
559 4987 692 5049 rubricis
716 4987 894 5050 secundum
919 4989 1053 5050 modum
1078 4989 1211 5051 ecclesie
1235 4991 1461 5071 zagrabiensis,
1487 4992 1575 5073 quod
1600 4992 1646 5053 in·
