3842 5802
360 565 394 607 12
888 548 973 604 Anno
996 555 1085 624 1473.

357 657 423 663 -—
874 652 1010 659 —ffi

356 781 563 824 communem
581 761 621 820 ab
639 759 772 838 oriente,
797 771 826 818 et
843 777 945 838 usque
963 757 1126 838 quandam
1145 758 1229 818 viam
1247 757 1286 818 ad
1303 757 1479 838 predictam
1498 771 1617 820 turrem

353 868 551 946 tendentem,
576 865 717 927 mediam
743 865 864 925 curiam
882 865 921 924 ad
941 883 1034 924 usum
1052 863 1135 925 dicte
1160 863 1308 944 civitatis,
1331 878 1362 924 et
1386 883 1486 945 usque
1504 884 1617 945 quem·

353 974 426 1035 darn
453 973 551 1034 alium
577 970 712 1033 fundum
738 970 836 1052 ipsius
854 969 981 1031 Martini
1007 969 1122 1032 literati
1140 989 1157 1030 a
1174 970 1428 1052 septemtrionali
1453 985 1541 1052 parte
1559 970 1613 1032 ha·

353 1081 467 1158 bitum,
481 1098 577 1161 quem
592 1079 659 1160 ipse
677 1077 833 1140 Martinus
846 1078 990 1138 literatus
1000 1097 1058 1158 pro
1075 1097 1108 1139 se
1120 1076 1272 1154 duxisset,
1289 1089 1321 1137 et
1335 1095 1436 1157 usque
1450 1077 1612 1157 quandam

352 1187 436 1246 viam
455 1203 661 1246 communem
679 1203 778 1266 penes
801 1183 937 1244 eandem
963 1197 1084 1244 turrem
1109 1181 1250 1244 habitam
1267 1181 1307 1242 ad
1333 1183 1438 1243 menia
1464 1182 1548 1244 dicte
1573 1184 1616 1244 ci·

353 1292 458 1354 vitatis
471 1305 501 1353 et
518 1310 619 1372 usque
636 1289 810 1371 quemdam
823 1288 959 1368 gradum
977 1302 1184 1370 spectantem,
1209 1287 1359 1350 fratribus
1377 1288 1551 1350 Heremitis
1575 1289 1615 1350 de

352 1395 575 1478 promontorio
608 1394 806 1476 zagrabiensi
832 1393 964 1456 ecclesie
997 1412 1053 1455 seu
1081 1393 1218 1455 claustro
1243 1394 1334 1455 beate
1360 1393 1460 1455 Marie
1483 1393 1617 1474 virginis

353 1523 410 1585 pro
425 1502 536 1583 viginti
551 1515 624 1562 octo
638 1499 708 1564 flor.
719 1500 916 1562 vendidisset
929 1499 996 1582 jure
1007 1515 1163 1583 perpetuo
1180 1500 1420 1583 possidendam,
1434 1502 1476 1562 ita
1494 1515 1613 1578 tamen,

353 1609 440 1691 quod
468 1607 581 1690 prelati
609 1607 773 1668 Heremite
798 1607 898 1688 ipsam
923 1620 1043 1668 turrem
1068 1608 1127 1667 sub
1153 1609 1236 1668 bona
1261 1607 1481 1688 disposicione
1506 1622 1615 1668 tenere

352 1729 383 1776 et
406 1734 532 1774 servare
557 1714 705 1790 debeant,
730 1725 761 1773 et
784 1725 929 1794 tempore
954 1712 1151 1774 necessitatis
1175 1732 1231 1774 seu
1255 1713 1450 1774 obsessionis
1476 1731 1532 1794 per
1557 1712 1616 1772 ini-

352 1821 453 1882 micos
477 1821 562 1881 dicte
579 1819 717 1880 civitatis
741 1833 883 1900 apertam
901 1832 1007 1879 nostre
1026 1819 1249 1881 communitati
1267 1819 1342 1880 dare
1368 1835 1399 1880 et
1423 1819 1454 1880 in
1479 1819 1616 1881 eandem

354 1927 470 1988 intrare
495 1939 681 2000 teneantur;
714 1939 745 1986 et
776 1945 871 2006 super
903 1924 964 1986 hoc
997 1939 1044 1987 est
1074 1926 1195 1987 eisdem
1229 1925 1401 1987 Heremitis
1425 1925 1497 1986 data
1522 1926 1615 1986 litera

352 2047 457 2093 nostra
482 2031 701 2113 privilegialis.

457 2138 534 2198 Item
559 2137 634 2218 quia
659 2137 796 2198 condam
828 2137 876 2196 vir
899 2136 1054 2218 providus
1086 2137 1231 2198 Andreas
1263 2135 1348 2198 filius
1380 2137 1531 2220 Symonis
1556 2137 1614 2200 filii

354 2243 530 2320 Michaelis,
555 2243 634 2304 olim
659 2241 754 2324 judex
779 2242 862 2303 dicte
880 2243 1026 2321 civitatis,
1051 2242 1140 2304 dedit
1172 2257 1202 2303 et
1233 2244 1432 2324 proprinavit
1456 2243 1611 2306 directam

352 2363 383 2411 et
406 2349 554 2430 equalem
580 2349 783 2410 medietatem
802 2349 969 2410 cuiusdam
995 2349 1110 2410 domus
1126 2369 1181 2410 sue
1200 2348 1317 2430 lignee,
1342 2349 1516 2432 celariique
1541 2353 1614 2411 sub·

350 2455 486 2517 terranei
512 2455 543 2515 in
569 2455 652 2516 dicta
677 2455 815 2534 civitate,
847 2455 951 2536 ipsum
980 2475 997 2516 a
1031 2455 1165 2536 provida
1198 2456 1332 2515 muliere
1359 2456 1473 2517 Vrsula
1500 2470 1614 2517 vocata

351 2562 459 2623 relicta
483 2563 620 2622 condam
647 2560 787 2622 Ladislai
813 2560 969 2643 Fwdrych
994 2561 1082 2640 dicti,
1112 2561 1192 2622 olim
1225 2561 1356 2622 concive
1382 2577 1499 2640 nostra,
1524 2582 1613 2642 emp·

350 2668 452 2730 cionis
476 2667 572 2728 titulo
596 2667 768 2729 literatorie
794 2681 1053 2746 concernentem,
1078 2687 1094 2728 a
1120 2681 1208 2749 parte
1240 2667 1391 2728 videlicet
1413 2669 1613 2750 septemtrio-

350 2775 415 2836 nali
440 2789 470 2836 et
495 2795 592 2856 penes
616 2775 712 2835 aliam
737 2775 871 2835 domum
897 2787 1055 2835 muratam
1082 2773 1202 2835 Mathie
1226 2775 1357 2836 sartoris
1380 2775 1490 2856 generi
1516 2775 1615 2857 ipsius

350 2881 486 2944 condam
514 2881 641 2942 Andree
667 2880 863 2963 Symwnych
889 2879 1048 2956 habitam;
1075 2880 1149 2941 item
1172 2881 1346 2962 quamdam
1371 2881 1499 2943 vineam
1523 2901 1613 2942 suam

351 2989 382 3048 in
407 2988 568 3049 territorio
607 2987 689 3048 dicte
728 2987 865 3048 civitatis
898 2987 980 3048 inter
1011 2987 1185 3068 quamdam
1219 2987 1345 3049 vineam
1370 3007 1460 3048 suam
1485 3008 1501 3048 a
1526 3001 1614 3069 parte

349 3093 614 3176 septemtrionali,
646 3112 702 3174 pet
734 3108 851 3154 metam
884 3093 1050 3154 cuiusdam
1084 3093 1207 3154 arboris
1239 3093 1382 3171 sorbelli,
1415 3113 1471 3176 per
1496 3107 1612 3156 metam

350 3199 556 3281 procedendo
581 3201 621 3260 ab
646 3219 708 3260 una
734 3213 822 3280 parte
859 3213 889 3260 et
921 3199 1003 3261 inter
1034 3199 1161 3261 vineam
1195 3200 1307 3261 Briccii
1333 3201 1474 3282 agricole
1500 3201 1613 3283 Myrko

350 3306 437 3384 dicti,
463 3307 604 3367 concivis
628 3305 739 3382 nostri,
763 3305 925 3366 mediante
959 3304 1077 3366 fossato
1110 3325 1145 3367 ac
1174 3325 1264 3367 secus
1289 3307 1372 3367 viam
1408 3327 1558 3388 magnam
1583 3323 1612 3368 et

350 3431 557 3474 communem
582 3411 744 3487 habitam;
778 3412 894 3472 domus
927 3431 1004 3472 vero
1029 3412 1172 3472 continet
1203 3432 1300 3473 unam
1333 3427 1480 3493 quartam
1506 3427 1536 3476 et
1560 3433 1612 3475 oc-

350 3531 455 3578 tavam
482 3518 578 3596 curie,
611 3517 700 3578 dedit
733 3531 763 3577 et
795 3518 979 3598 propinavit
1010 3537 1082 3578 cum
1115 3517 1249 3599 provida
1283 3519 1417 3579 muliere
1450 3519 1611 3582 Dorothea

349 3623 412 3684 fitia
437 3643 494 3684 sua
518 3623 622 3684 eidem
642 3622 761 3684 Mathis
783 3642 903 3704 genero
928 3643 987 3685 suo
1021 3638 1051 3684 et
1066 3622 1131 3685 filie
1155 3623 1220 3684 suis
1245 3637 1402 3686 eteorum
1429 3625 1610 3704 heredibus,

350 3729 467 3812 quibus
490 3729 563 3791 data
588 3743 634 3790 est
658 3729 749 3790 litera
774 3743 883 3791 nostra
908 3729 1117 3811 privilegialis
1144 3732 1204 3790 sub
1228 3730 1334 3811 sigillo
1360 3732 1610 3793 communitatis.

350 3871 389 3880 -
416 3835 492 3896 ltem
518 3835 680 3915 quandam
704 3849 828 3917 partem
853 3835 1021 3897 cuiusdam
1044 3849 1126 3897 terre
1155 3856 1211 3897 sue
1236 3837 1365 3897 arabilis
1390 3837 1421 3898 in
1447 3856 1562 3920 campo
1581 3853 1611 3901 et

349 3941 510 4002 territorio
535 3941 617 4002 dicte
651 3941 788 4004 civitatis
821 3942 852 4002 in
886 3942 957 4002 loco
991 3941 1198 4024 Cyrkvvische
1230 3943 1403 4024 appellem,
1429 3944 1510 4006 inter
1534 3945 1612 4007 alias

348 4062 446 4108 terras
470 4047 606 4108 arabiles
623 4048 767 4109 eiusdem
786 4048 914 4109 Andree
938 4048 1053 4128 judicis
1069 4062 1100 4109 et
1116 4068 1335 4110 successorum
1354 4050 1492 4110 condam
1510 4051 1610 4112 Bene-

350 4153 426 4214 dicti
453 4153 560 4214 Bedek
584 4154 671 4231 dicti,
696 4155 736 4215 ab
760 4153 953 4215 occidentali
971 4169 1070 4236 parte,
1095 4168 1125 4215 et
1150 4154 1328 4216 Clementis
1351 4155 1492 4236 agricole
1509 4154 1612 4218 fratris

350 4260 493 4321 eiusdem
519 4260 657 4321 condam
683 4261 811 4322 Andree
836 4259 950 4341 judicis
975 4274 1005 4322 et
1030 4261 1159 4321 Thome
1189 4260 1416 4344 Hetyhowych
1441 4264 1481 4323 ab
1506 4263 1610 4324 orien-

348 4366 403 4426 tali
429 4379 527 4448 parte,
553 4385 678 4427 necnon
696 4368 776 4428 inter
801 4367 880 4428 duas
912 4368 978 4428 vias
1003 4387 1211 4444 communes,
1237 4387 1334 4428 unam
1360 4388 1377 4428 a
1403 4367 1608 4430 meridionali

349 4487 379 4533 et
403 4473 499 4534 aliam
524 4493 540 4532 a
566 4474 818 4554 septemtrionali
838 4475 981 4556 partibus
998 4474 1138 4535 habitam
1156 4489 1186 4535 et
1203 4476 1403 4553 existentem,
1420 4489 1493 4537 octo
1510 4476 1611 4537 dietas

348 4594 429 4640 terte
454 4579 485 4639 in
513 4597 546 4639 se
571 4580 776 4658 continentis,
800 4579 947 4641 similiter
973 4580 1094 4642 eisdem
1128 4580 1269 4641 dedisset
1292 4595 1323 4642 et
1347 4581 1543 4644 contulisset.

455 4685 532 4746 ltem
559 4687 633 4766 quia
659 4688 813 4768 providus
845 4689 893 4748 vir
925 4689 1047 4772 Symon
1081 4690 1148 4750 Lab
1181 4690 1296 4768 dictus,
1328 4689 1470 4751 concivis
1494 4702 1611 4768 noster,

348 4792 431 4854 filius
456 4793 585 4855 Thome
611 4795 687 4856 Wlk
712 4795 788 4856 dicti
813 4795 852 4856 de
877 4795 1056 4874 Drasewcz,
1084 4795 1231 4857 vendidit
1270 4797 1403 4856 domum
1429 4815 1519 4857 suam
1544 4810 1608 4857 tam

348 4899 445 4980 lignei
471 4920 567 4981 quam
593 4901 711 4983 lapidei
737 4903 843 4984 operis
868 4903 899 4962 in
932 4902 1014 4964 dicta
1048 4903 1185 4979 civitate,
1210 4903 1306 4963 simul
1339 4923 1410 4964 cum
1445 4901 1546 4964 lundo
1580 4919 1610 4964 et

350 5007 467 5074 celario
492 5009 699 5076 subterraneo
724 5009 754 5075 in
781 5009 864 5077 dicta
890 5009 1016 5076 civitate
1042 5010 1122 5077 iuter
1148 5011 1228 5076 duos
1265 5008 1382 5076 fundos
1407 5023 1438 5076 et
1463 5007 1609 5076 hedificia
