3810 5806
263 752 368 813 eidem
395 765 546 833 perpetue
572 750 722 812 dedimus
739 751 875 832 provido
901 750 969 810 viro
988 749 1147 831 Gregorio
1164 751 1263 812 sutori
1291 752 1411 815 Petbko
1429 753 1526 830 dicto,

264 859 305 919 ita
330 873 449 936 tamen,
482 857 570 938 quod
603 857 669 938 ipse
703 872 733 918 et
765 858 812 917 sui
846 855 979 918 heredes
1010 856 1049 917 de
1083 856 1150 937 ipsa
1184 858 1355 919 medietate
1380 874 1524 940 tempore

263 963 418 1025 vindemii
444 964 538 1025 nobis
561 984 616 1025 seu
642 963 815 1024 comitibus
840 963 955 1023 nostris
977 962 1149 1023 duodecim
1175 982 1247 1024 curn
1272 965 1381 1024 medio
1405 966 1527 1026 solidos

263 1070 385 1152 regales
408 1089 535 1152 semper
559 1069 634 1130 dare
660 1083 690 1130 et
711 1069 836 1130 solvere
853 1070 1065 1144 tenebuntur;
1089 1069 1139 1129 eui
1158 1069 1229 1130 data
1247 1084 1293 1130 est
1316 1071 1407 1132 litera
1425 1072 1522 1153 privi-

263 1176 399 1258 legialis.

368 1282 466 1356 Quod
492 1282 567 1363 quia
594 1301 653 1343 nos
685 1281 901 1343 communitas
933 1280 1051 1341 civium
1085 1279 1222 1341 civitatis
1247 1282 1527 1364 Montisgrecensis

263 1388 427 1471 quoddam
452 1389 548 1450 fenile
574 1403 719 1450 nostrum
745 1387 970 1448 condicionale
988 1407 1043 1447 seu
1069 1387 1218 1448 censuale
1243 1388 1274 1448 in
1292 1391 1452 1450 territorio
1470 1411 1526 1452 no·

262 1510 326 1556 stro
351 1515 406 1555 seu
431 1495 568 1558 civitatis
593 1493 713 1576 prefate
739 1494 820 1554 inter
850 1492 946 1554 senile
971 1493 1118 1555 similiter
1152 1493 1374 1556 condicionale
1408 1496 1526 1558 lvlarbie

264 1603 434 1680 institoris,
466 1601 601 1662 senioris
632 1600 766 1680 judicis,
798 1602 837 1661 ab
869 1599 1047 1677 occidente,
1081 1613 1111 1660 et
1135 1599 1217 1661 inter
1254 1598 1350 1661 lenile
1382 1601 1528 1662 similiter

263 1708 486 1770 condicionale
514 1707 715 1769 honorabilis
739 1706 863 1768 domini
890 1705 1019 1767 Martini
1045 1705 1192 1766 moderni
1218 1706 1346 1787 plebani
1373 1709 1484 1786 nostri,
1508 1729 1525 1769 a

262 1815 514 1896 septemtrionali
549 1827 653 1895 parte,
687 1831 722 1874 ac
748 1812 830 1874 inter
865 1810 963 1873 fenile
987 1810 1135 1872 similiter
1163 1812 1386 1874 condicionale
1418 1815 1528 1876 Jacobi

262 1921 397 1982 senioris
416 1919 541 2000 judicis,
566 1940 582 1980 a
607 1918 810 1980 meridionali
836 1933 935 1999 parte,
953 1916 1136 1979 concivium
1161 1918 1307 1980 similiter
1332 1933 1526 2000 nostrorum,

262 2025 406 2087 habitum
432 2039 463 2088 et
486 2026 635 2103 existens,
660 2024 796 2105 provido
821 2039 851 2085 et
875 2024 1010 2085 honesto
1040 2023 1109 2084 viro
1135 2021 1278 2104 Georgio
1311 2027 1410 2086 sutori
1436 2027 1528 2088 aliter

264 2131 415 2216 Gurgycb
449 2133 545 2210 dicto,
570 2152 606 2193 ac
631 2151 686 2212 per
711 2151 783 2192 eum
810 2131 874 2191 suis
899 2129 1072 2192 heredibus
1094 2130 1252 2208 dedimus,
1286 2131 1482 2194 contulimus
1499 2148 1528 2194 et

263 2239 481 2321 inscripsimus
499 2238 566 2319 jure
584 2253 740 2320 perpetuo
765 2237 1007 2319 possidendum,
1025 2237 1066 2298 ita
1083 2251 1203 2315 tamen,
1227 2237 1315 2318 quod
1333 2238 1399 2322 ipse
1426 2238 1526 2302 Geor·

261 2346 333 2426 gius
356 2359 454 2424 sutor,
478 2346 593 2426 suique
618 2344 751 2404 heredes
775 2359 805 2404 et
821 2361 1019 2404 successores
1036 2343 1175 2404 universi
1201 2345 1289 2404 omni
1315 2363 1400 2406 anno
1430 2347 1523 2408 nobis

262 2471 318 2513 seu
343 2451 514 2513 comitibus
546 2452 662 2512 nostris
694 2450 807 2530 viginti
840 2449 985 2530 quinque
1016 2449 1139 2510 solidos
1163 2449 1286 2530 regales
1310 2450 1384 2512 dare
1410 2465 1440 2513 et
1464 2453 1527 2513 sol·

262 2578 336 2620 vere
364 2560 575 2634 tenebuntur;
600 2557 651 2619 cui
677 2556 749 2618 data
773 2569 820 2618 est
844 2555 934 2618 litera
960 2556 1179 2638 privilegialis.

368 2664 466 2738 Quod
491 2663 566 2745 quia
592 2681 650 2723 nos
677 2663 892 2723 communitas
924 2663 1044 2723 civium
1077 2663 1214 2724 civitatis
1246 2663 1527 2746 Montisgrecensrs

262 2770 428 2852 quoddam
454 2769 549 2830 fenile
574 2783 719 2830 nostrum
744 2768 968 2830 condicionale
997 2768 1172 2847 desertum,
1197 2770 1285 2850 quod
1311 2771 1449 2831 condam
1472 2766 1526 2832 Ja-

263 2877 334 2938 cobi
358 2877 476 2939 sutoris
501 2873 673 2957 prefuerat,
699 2875 729 2935 in
755 2873 916 2936 territorio
942 2888 1051 2936 nostro
1072 2895 1128 2936 seu
1146 2875 1282 2937 civitatis
1308 2874 1428 2958 prefate
1447 2877 1528 2938 inter

262 2984 388 3044 vineam
421 2981 680 3042 condicionalem
713 2979 861 3042 similiter
894 2980 1052 3042 desertam
1086 2981 1212 3063 providi
1245 2997 1275 3042 et
1309 2981 1433 3044 honesti
1468 2984 1525 3044 viri

264 3089 410 3170 Gregorii
437 3088 554 3150 sutoris
578 3087 701 3148 Pethlro
727 3087 867 3164 dieti,ab
893 3107 966 3164 una,
989 3086 1139 3148 videlicet
1163 3107 1180 3148 a
1206 3089 1409 3150 meridionali
1438 3105 1523 3170 parte

263 3211 293 3256 et
318 3196 399 3258 inter
424 3194 551 3255 vineam
576 3193 724 3255 similiter
749 3193 1005 3254 condicionalem
1030 3193 1155 3273 providi
1181 3209 1211 3256 et
1235 3195 1360 3257 bonesti
1386 3197 1445 3256 viri
1470 3197 1523 3258 lo-

264 3301 378 3362 bannis
403 3301 556 3362 institoris
581 3299 665 3360 lwan
702 3299 797 3377 dicti,
832 3300 872 3360 ab
907 3301 1006 3361 altera
1042 3299 1192 3362 videlicet
1224 3322 1240 3361 a
1272 3303 1525 3383 septemtrionali

263 3421 362 3490 parte,
387 3406 569 3468 concivium
602 3405 750 3466 similiter
782 3418 978 3483 nostrorum,
1001 3405 1138 3488 desuper
1170 3428 1186 3468 a
1214 3407 1265 3468 via
1298 3410 1464 3470 communi
1489 3410 1528 3470 ab

263 3513 428 3576 occidente
453 3527 483 3574 et
507 3511 588 3574 infra
615 3531 715 3593 usque
733 3511 831 3572 aliam
853 3511 936 3573 viam
955 3531 1160 3574 communem
1180 3515 1219 3574 ab
1244 3515 1368 3576 oriente
1386 3515 1527 3577 habitam

264 3636 294 3682 et
318 3621 518 3698 existentem,
543 3619 680 3701 provido
706 3619 775 3678 viro
794 3617 942 3678 Michaeli
962 3617 1213 3681 molendinatori
1239 3620 1398 3700 dedimus,
1417 3637 1527 3683 contu·

264 3727 360 3788 limus
383 3741 414 3789 et
439 3727 658 3808 inscripsimus
682 3725 750 3806 jure
775 3740 931 3807 perpetuo
956 3726 1199 3807 possidendum,
1230 3729 1273 3790 ita
1297 3743 1415 3807 tamen,
1440 3730 1528 3811 quod

263 3833 330 3914 ipse
355 3832 493 3895 Michael
519 3832 768 3910 molendinator,
794 3831 908 3913 suique
942 3832 1075 3893 heredes
1108 3847 1139 3895 et
1164 3853 1362 3897 successores
1388 3836 1527 3897 universi

264 3940 357 4001 nobis
380 3959 437 4001 seu
461 3939 634 4002 comitibus
658 3939 773 4000 nostris
798 3939 911 4020 viginti
938 3939 1082 4020 quinque
1107 3940 1230 4002 solidos
1254 3941 1376 4021 regales
1401 3962 1529 4023 semper

264 4046 339 4106 dare
364 4061 395 4108 et
417 4047 542 4108 solvere
565 4047 781 4122 tenebuntur;
806 4045 856 4106 cui
882 4044 954 4106 data
980 4059 1026 4106 est
1051 4045 1141 4107 litera
1167 4047 1385 4128 privilegialis.

370 4151 468 4225 Quod
492 4152 568 4232 quia
600 4151 762 4212 lohannes
796 4151 920 4212 institor
952 4151 1030 4211 emit
1059 4152 1215 4232 quasdam
1248 4154 1327 4214 duas
1360 4155 1529 4235 porciones

263 4256 404 4318 vineales
427 4256 524 4317 simul
549 4275 622 4317 cum
647 4255 774 4337 (h)ortis
798 4256 919 4318 eisdem
938 4256 1146 4337 porcionibus
1170 4259 1421 4338 subiacentibus,
1448 4261 1529 4322 inter

264 4362 390 4424 vineam
416 4375 447 4424 et
471 4361 627 4444 (h)ortum
652 4363 789 4423 condam
818 4362 935 4424 Mathai
970 4363 1100 4424 sartoris
1126 4365 1252 4449 Radlyn
1277 4365 1364 4444 dicti,
1389 4368 1429 4427 ab
1455 4388 1528 4446 una,

264 4468 414 4530 videlicet
439 4469 645 4530 meridionali
678 4483 778 4550 parte,
809 4487 844 4528 ac
877 4469 959 4530 inter
990 4469 1117 4530 vineam
1151 4485 1181 4532 et
1212 4471 1365 4553 (blortum
1390 4474 1446 4534 viri
1473 4475 1528 4534 bo·

266 4575 344 4636 nesti
370 4575 456 4636 Luce
482 4574 642 4659 Ribarycb
675 4575 799 4652 vocati,
831 4575 1014 4635 concivium
1045 4576 1166 4637 scilicet
1199 4592 1393 4656 nostrorum,
1417 4599 1434 4640 a
1459 4600 1528 4662 sep-

265 4681 460 4743 temtrionali
485 4694 573 4763 parte
597 4681 722 4742 habitas
751 4695 782 4742 et
814 4682 995 4759 existentes,
1021 4701 1104 4743 nunc
1138 4683 1168 4744 in
1205 4705 1300 4745 unam
1327 4685 1454 4746 vineam
1481 4707 1528 4748 re·

266 4785 381 4864 dactas,
406 4787 591 4867 aquodam
625 4788 724 4848 fluvio
750 4787 910 4848 Zazidnalr
941 4802 1054 4848 vocato
1087 4809 1103 4848 a
1129 4804 1217 4871 parte
1245 4791 1377 4850 orientis
1409 4791 1529 4870 habito,

267 4907 296 4952 et
318 4912 413 4975 supra
437 4893 477 4954 ad
502 4895 653 4956 verticem
679 4895 808 4973 montis,
825 4915 861 4956 ac
883 4895 998 4957 iterum
1017 4895 1056 4955 de
1082 4897 1151 4977 ipso
1169 4898 1285 4958 vertice
1311 4899 1430 4959 montis
1448 4897 1528 4959 infra

267 5017 367 5082 usque
390 5001 554 5084 quandam
579 5001 697 5064 vallem
722 5021 778 5064 seu
814 5001 983 5066 decursum
1008 5021 1091 5084 aque
1117 5003 1266 5086 pluvialis
1290 5025 1307 5064 a
1333 5018 1420 5085 parte
1446 5005 1527 5068 occi-
