3810 5806
365 557 423 598 122
816 511 818 514 Ι
915 536 1002 594 Am
1023 533 1114 611 1526.

349 719 465 812 ¹coram
499 750 602 812 nobis.
637 749 754 810 Datum
787 747 864 811 feria
897 762 983 810 serta
1017 763 1089 831 post
1128 747 1244 811 festum
1278 747 1508 810 Conversionis
1540 748 1624 808 beati

361 856 460 920 Pauli.
493 858 584 938 1526.

466 963 564 1038 Quod
589 963 721 1024 honesta
740 962 872 1024 domina
898 961 1061 1024 Dorothea
1078 961 1189 1022 relicta
1206 962 1345 1023 condam
1363 961 1528 1039 iohannis,
1545 961 1623 1021 lane

359 1069 446 1148 dicti,
471 1069 549 1130 olim
575 1069 717 1130 concivis
742 1069 855 1147 nostri,
878 1067 916 1128 ad
936 1081 1078 1129 nostram
1104 1069 1316 1150 personaliter
1338 1067 1472 1128 veniens
1496 1086 1623 1150 presen-

358 1175 452 1254 ciam,
476 1189 591 1257 sponte
617 1189 648 1236 et
671 1175 772 1238 libere
797 1173 878 1238 lassa
900 1188 947 1236 est
972 1174 1003 1235 in
1021 1172 1107 1235 hunc
1132 1173 1284 1237 modum:
1309 1186 1344 1236 ut
1367 1175 1435 1255 ipsa
1460 1173 1623 1254 quandam

359 1282 493 1346 domum
517 1302 607 1344 suam
633 1282 665 1342 in
690 1282 773 1344 dicta
799 1281 927 1343 civitate
952 1279 1104 1358 habitam,
1136 1280 1251 1362 partim
1277 1295 1447 1359 muratam,
1472 1298 1545 1340 cum
1570 1297 1621 1339 ce-

357 1389 438 1451 lario
463 1389 610 1451 similiter
634 1401 771 1466 muratO,
797 1388 978 1469 partimque
1002 1386 1102 1467 lignei
1136 1387 1253 1469 operis,
1278 1401 1309 1448 et
1333 1384 1446 1464 fundo,
1472 1405 1530 1446 nec
1555 1403 1620 1445 non

358 1495 492 1558 edificiis
516 1496 665 1574 ruinosis,
701 1495 782 1557 inter
815 1493 951 1556 fundum
984 1512 1122 1555 vacuum
1153 1506 1184 1555 et
1215 1493 1396 1570 desertum,
1427 1491 1620 1573 penitusque

357 1601 491 1664 edificiis
516 1602 703 1664 destitutum
728 1601 882 1663 heredum
908 1620 965 1662 seu
982 1619 1201 1662 successorum
1226 1598 1363 1661 condam
1381 1597 1538 1661 Johannis
1564 1597 1623 1657 Po·

356 1709 441 1790 segai
467 1709 545 1770 olim
570 1707 706 1770 senioris
730 1707 844 1788 judicis
868 1721 900 1769 et
923 1708 1065 1769 concivis
1085 1708 1198 1785 nostri,
1216 1727 1233 1768 a
1251 1719 1340 1789 parte
1356 1703 1623 1788 septemtrionali,

358 1835 393 1877 ac
420 1815 501 1877 inter
525 1815 660 1877 domurn
685 1814 811 1896 providi
835 1813 894 1875 viri
920 1813 1049 1875 Thome
1076 1813 1202 1874 Bosnair
1232 1812 1319 1891 dicti,
1345 1811 1487 1873 concivis
1512 1809 1623 1888 nostri,

358 1942 375 1982 a
400 1921 615 2000 meridionali,
640 1921 680 1982 ab
697 1921 846 1982 orientali
870 1921 976 2002 platea
994 1920 1176 1982 communis
1192 1933 1223 1980 et
1239 1939 1342 2000 usque
1366 1919 1464 1980 aliam
1481 1919 1622 2001 plateam

358 2047 564 2091 communem
576 2047 685 2089 versus
708 2042 829 2110 partem
855 2026 1099 2106 occidentalem,
1124 2047 1156 2088 se
1181 2027 1407 2088 extendentem
1422 2024 1564 2086 habitam
1591 2037 1622 2086 et

361 2135 568 2210 existentem,
600 2153 696 2194 unam
729 2132 868 2194 mediam
898 2133 1019 2195 curiam
1044 2132 1085 2194 ad
1117 2151 1210 2194 usum
1243 2131 1326 2193 dicte
1359 2130 1495 2192 civitatis
1528 2129 1561 2190 in
1586 2149 1619 2190 ae

356 2242 585 2318 continentem,
599 2240 695 2301 simul
712 2259 784 2302 cum
799 2240 951 2300 omnibus
968 2239 1112 2301 eiusdem
1137 2238 1252 2301 domus
1269 2257 1342 2300 cum
1366 2238 1433 2298 suis
1449 2236 1532 2298 veris
1550 2253 1621 2318 pre-

357 2347 461 2408 missis
485 2347 588 2426 metis,
614 2346 815 2422 utilitatibus,
841 2345 963 2425 juribus
987 2360 1018 2406 et
1042 2345 1249 2427 pertinenciis
1281 2343 1438 2405 universis
1462 2342 1565 2404 nobili
1590 2355 1623 2404 et

356 2454 588 2536 circumspecto
613 2453 681 2514 viro
708 2451 836 2514 Matheo
862 2451 1000 2536 Skalych
1025 2452 1111 2513 dicto
1136 2471 1171 2514 ac
1196 2451 1328 2514 domine
1353 2448 1521 2512 Elisabeth
1546 2468 1621 2510 con·

356 2561 432 2621 sorti
459 2558 602 2620 eiusdem
621 2578 679 2652 prp
696 2557 765 2621 flor.
791 2557 974 2638 octuaginta
1000 2557 1144 2639 quinque
1168 2557 1365 2618 vendidisset
1389 2571 1419 2616 et
1436 2555 1622 2617 contulisset

355 2685 464 2728 coram
488 2666 581 2728 nobis
597 2665 664 2746 jure
688 2678 854 2748 perpetuo.
867 2665 984 2726 Datum
1009 2663 1087 2726 feria
1111 2678 1224 2746 quarta
1249 2663 1394 2746 proxima
1419 2663 1451 2724 in
1476 2659 1618 2744 profesto

357 2771 587 2835 Conversionis
611 2772 696 2833 beati
720 2771 821 2835 Pauli.
846 2775 941 2832 Anno
967 2771 1099 2833 Domini
1129 2773 1219 2852 1526.

463 2877 561 2952 Quod
585 2898 644 2940 nos
668 2876 830 2960 quandam
856 2877 991 2938 domum
1008 2891 1167 2939 muratam
1186 2889 1217 2940 et
1241 2877 1399 2938 desertam
1424 2895 1460 2938 ac
1484 2873 1618 2954 curiam,

355 3005 418 3070 que
442 2985 575 3067 quidem
600 2984 716 3046 domus
733 3003 787 3046 are
810 2984 911 3046 sancti
935 2981 1065 3047 Nicolai
1083 2983 1275 3045 confessoris
1299 2984 1331 3044 in
1349 2981 1482 3045 ecclesia
1508 2995 1617 3045 nostra

357 3091 533 3176 parochiali
557 3091 657 3153 sancti
675 3091 773 3152 Marci
791 3090 997 3172 ewangeliste
1014 3089 1157 3170 fundate,
1174 3087 1288 3170 fuerat,
1312 3089 1345 3150 in
1363 3089 1490 3151 civitate
1507 3101 1616 3150 nostra

360 3220 396 3262 ac
422 3200 504 3261 inter
528 3197 643 3260 domos
664 3197 811 3258 similiter
827 3210 967 3259 muratas
983 3210 1014 3259 et
1030 3197 1180 3279 desertas,
1196 3216 1256 3258 nec
1273 3216 1338 3258 non
1356 3195 1458 3258 curias
1481 3196 1602 3258 circum

356 3305 455 3388 specti
481 3305 539 3366 viri
563 3305 693 3366 Andree
718 3305 855 3384 anker,
879 3306 919 3366 ab
937 3304 1147 3383 occidentali,
1180 3319 1210 3366 et
1233 3322 1453 3365 successorum
1477 3301 1614 3364 condam

360 3412 513 3494 Stephani
536 3409 664 3490 literati,
690 3411 871 3472 concivium
895 3423 1089 3488 nostrorum,
1121 3411 1161 3472 ab
1186 3409 1345 3489 orientali,
1370 3429 1388 3471 a
1412 3408 1616 3471 meridionali

358 3539 434 3580 vero
459 3533 490 3580 et
513 3516 766 3600 septemtrionali
799 3517 942 3599 partibus
973 3517 1041 3577 vias
1072 3535 1128 3578 seu
1161 3516 1282 3599 plateas
1313 3535 1502 3578 communes
1534 3514 1618 3577 dicte

356 3623 493 3687 civitatis
518 3637 624 3686 nostre
649 3622 802 3702 habitam,
826 3624 1059 3705 circumspecto
1084 3623 1262 3685 Benedicto
1285 3623 1409 3700 sartori,
1434 3621 1552 3683 seniori
1570 3619 1618 3702 ju-

355 3745 423 3794 rato
448 3744 479 3792 et
502 3729 626 3793 concivi
652 3743 772 3808 nostro,
797 3749 833 3791 ac
851 3750 907 3812 per
931 3749 1005 3790 eum
1030 3729 1096 3790 suis
1113 3729 1286 3792 heredibus
1308 3748 1368 3811 pro
1392 3727 1461 3790 flor.
1486 3727 1617 3810 triginta

354 3849 428 3900 octo
452 3836 658 3898 vendidimus
682 3849 714 3897 et
737 3836 947 3898 contullimus
964 3836 1033 3918 jure
1049 3850 1217 3918 perpetuo.
1244 3836 1362 3898 Datum
1387 3837 1520 3898 sabbato
1544 3855 1617 3919 pro-

353 3945 442 4006 ximo
467 3957 539 4027 post
562 3941 678 4005 festum
697 3942 928 4006 Conversionis
945 3943 1029 4006 beati
1047 3943 1148 4006 Pauli.
1171 3947 1268 4005 Anno
1285 3943 1418 4006 Domini
1442 3943 1618 4005 millesimo

355 4050 616 4133 quingentesimo
640 4049 796 4132 vigesimo
819 4063 919 4113 sexte.
