3840 5800
422 572 484 649 256
972 574 1119 635 Rationes.

528 782 605 845 item
633 784 809 846 Benedicto
846 785 933 846 Mraa
966 785 1006 847 de
1039 784 1188 869 [wanych
1214 787 1253 848 ad
1287 787 1442 848 emendas
1473 789 1623 850 scutellas
1646 788 1687 849 ad

420 905 569 967 castrum,
595 891 742 953 dedi...
766 890 824 954 sol.
848 891 930 953 XVI.

526 996 604 1058 item
630 997 745 1058 eodem
775 999 827 1058 die
860 997 1009 1060 miseram
1043 1000 1217 1080 quemdam
1251 997 1408 1062 famulum
1434 1000 1474 1060 ad
1502 1001 1687 1062 Pechwara-

419 1103 544 1181 diuum,
569 1103 618 1164 cui
644 1103 684 1164 ad
708 1123 862 1186 expensas
887 1102 1034 1167 dedi...
1058 1104 1116 1167 sol.
1140 1105 1207 1168 XL.

525 1209 604 1272 Item
639 1211 787 1272 miseram
820 1210 999 1272 Janlronem
1033 1211 1142 1272 hwzar
1172 1211 1213 1272 ad
1246 1212 1390 1290 Medwe,
1423 1232 1578 1295 expensas
1610 1212 1685 1273 dedi

419 1317 520 1380 ei...
544 1318 602 1380 soi.
626 1317 664 1380 V.
1378 1313 1380 1316 ¹

522 1423 599 1484 Item
625 1424 657 1484 in
683 1443 798 1505 magna
815 1423 928 1504 quinta
947 1421 1025 1486 feria
1045 1423 1185 1485 Berthok
1203 1423 1377 1486 castellano
1399 1425 1574 1507 superioris
1591 1425 1684 1487 castri

420 1531 674 1612 Hrazthowycza
699 1529 846 1594 dedi...
877 1531 935 1594 sol.
959 1530 1052 1593 vute.

526 1637 677 1699 Miseram
703 1636 902 1699 Demetrium
928 1637 968 1699 ad
994 1637 1131 1715 Medus,
1161 1637 1235 1698 dedi
1261 1636 1290 1698 ei
1315 1649 1541 1718 expensas
1565 1638 1623 1702 sol.
1647 1639 1684 1702 V.

522 1744 600 1808 Item
627 1744 658 1806 io
683 1765 774 1806 sacro
798 1745 933 1806 sabbato
967 1744 1038 1805 misi
1065 1742 1245 1805 Osvaldum
1277 1743 1316 1803 de
1342 1742 1374 1804 P.
1398 1743 1439 1803 ad
1464 1743 1683 1806 Pechwaradi·

419 1873 508 1932 num,
534 1865 565 1914 et
588 1871 647 1935 pro
671 1853 818 1935 expensis
842 1852 917 1913 dedi
942 1853 1043 1914 ei...
1075 1851 1135 1915 soi.
1161 1851 1196 1912 L.

523 1958 601 2020 Item
629 1958 660 2020 in
686 1959 738 2021 die
762 1959 860 2020 Pasce
884 1959 1032 2020 miserum
1058 1958 1246 2036 magistrum
1277 1955 1461 2016 Emericum
1487 1976 1560 2018 cum
1586 1957 1683 2019 Lacz-

418 2069 501 2127 kone
528 2065 712 2148 Clepchych
737 2085 796 2148 pro
814 2065 952 2146 quadam
972 2064 1080 2126 ladula
1098 2063 1300 2145 Zagrabiam,
1318 2062 1392 2122 dedi
1410 2083 1468 2144 pro
1486 2065 1683 2146 expensis...

419 2173 477 2235 sol.
506 2172 585 2234 V111.

522 2277 601 2340 item
626 2279 657 2338 in
683 2298 798 2360 msgna
831 2275 908 2340 feria
941 2278 1063 2359 quinta,
1088 2291 1175 2339 sexta
1207 2289 1238 2338 et
1269 2275 1403 2336 sabbato
1436 2275 1499 2336 emi
1524 2275 1626 2357 pisces
1651 2276 1681 2337 in

417 2400 521 2447 castro
545 2383 585 2444 ad
610 2404 827 2448 mensam...
852 2385 910 2448 sol.
934 2384 1000 2448 XL.

524 2491 601 2553 item
628 2489 705 2553 feria
729 2493 826 2553 tercia
851 2492 882 2552 in
908 2489 989 2552 festo
1014 2491 1097 2552 beati
1116 2489 1248 2570 Georgii
1274 2488 1423 2548 miseram
1450 2486 1557 2568 Sypek
1574 2505 1682 2548 versus

417 2599 649 2660 Warasdinum
674 2598 747 2659 dedi
773 2599 802 2659 ei
827 2597 867 2658 ad
892 2617 1122 2679 expensas...
1147 2595 1205 2659 soi.
1231 2595 1266 2656 L.

522 2704 601 2766 item
625 2705 728 2786 papiri
753 2704 867 2766 libram
894 2705 956 2766 emi
975 2753 982 2766 .
1001 2752 1034 2766 ..
1064 2703 1122 2764 sol.
1147 2701 1213 2762 VII.

522 2811 600 2872 Item
626 2811 775 2872 miseram
800 2809 980 2893 Bradatych
1010 2808 1146 2870 Paulum
1179 2808 1227 2868 bis
1251 2807 1292 2868 ad
1317 2805 1552 2888 Posega·zenth
1576 2807 1680 2887 Peter,

417 2930 448 2978 et
474 2931 607 2999 utraque
631 2918 700 2979 vice
725 2917 798 2978 dedi
824 2917 852 2978 ei
878 2917 917 2978 ad
947 2935 1179 2997 expensas...
1204 2913 1262 2977 sol.
1286 2913 1320 2976 1⁰.

525 3023 601 3086 Item
628 3025 659 3084 in
685 3037 795 3085 octava
820 3022 1081 3086 Resurrectionis
1106 3021 1230 3083 domini
1257 3033 1388 3080 venerat
1411 3019 1511 3080 homo
1536 3018 1680 3101 Capituli

417 3130 457 3191 de
482 3130 614 3210 Posega,
640 3145 671 3192 et
694 3130 768 3192 licet
793 3131 856 3191 iam
881 3127 1121 3190 cumfratribus
1145 3124 1305 3209 profacto
1332 3126 1574 3207 prorogationis
1592 3126 1678 3188 ordi·

417 3249 527 3298 natum
552 3235 622 3313 fuit,
646 3249 753 3298 tamen
778 3236 852 3301 dedi
878 3235 906 3297 ei
931 3255 990 3318 pro
1014 3236 1065 3295 via
1089 3248 1121 3295 et
1145 3232 1291 3315 expensis
1308 3232 1365 3295 sol.
1473 3230 1547 3294 11110.

523 3342 600 3403 Item
625 3339 703 3403 feria
727 3356 812 3403 sexta
838 3355 910 3424 post
943 3339 1058 3402 festum
1086 3340 1180 3400 Pasce
1205 3352 1236 3400 et
1259 3338 1395 3398 sabbato
1420 3337 1483 3397 emi
1509 3339 1611 3419 pisces
1635 3338 1675 3401 ad

418 3446 575 3508 familiam
600 3448 632 3508 in
656 3461 836 3511 castro...
862 3448 923 3510 sol.
947 3447 1047 3510 XXV.

522 3553 599 3614 item
633 3553 771 3615 Johanni
805 3553 895 3616 fabro
929 3573 986 3636 pro
1019 3552 1229 3614 babatacione
1260 3563 1291 3612 et
1320 3551 1489 3612 curacione
1522 3570 1679 3632 equorum

418 3659 554 3739 domini,
579 3659 728 3724 dedi...
753 3661 811 3723 sol.
843 3661 943 3722 XXV.

904 3835 1184 3898 Distributio.

522 3978 601 4040 Item
626 3976 704 4039 feria
720 3979 817 4041 tercia
843 3993 914 4060 post
931 3977 1046 4040 festum
1066 3980 1231 4040 beatorum
1249 3974 1390 4055 Philippi
1416 3987 1447 4035 et
1474 3973 1583 4036 Jacobi
1602 3993 1679 4056 apo·

415 4085 571 4147 stolorum
598 4083 761 4166 Stephano
786 4085 930 4146 Bradach
956 4085 1107 4149 dedi...
1133 4083 1191 4144 sol.
1218 4081 1264 4142 110.

520 4191 650 4252 Andree
674 4191 816 4252 tubiceni
835 4239 842 4253 .
860 4241 891 4254 ..
926 4192 984 4255 sol.
1010 4191 1056 4254 110.

522 4297 662 4360 Martino
686 4297 794 4358 hwzar
812 4346 819 4360 .
838 4345 870 4361 ..
895 4299 953 4361 sol.
980 4298 1013 4360 1⁰.

521 4403 691 4466 Francisco
716 4404 834 4465 orczwl
853 4453 859 4467 .
878 4453 911 4467 ..
940 4406 998 4468 sol.
1023 4404 1055 4467 10.

520 4511 648 4574 Andree
675 4512 800 4574 Petheri
902 4515 959 4577 sol.
985 4513 1017 4576 1⁰.

522 4617 701 4680 Laurentio
728 4618 886 4701 Petherffy
905 4667 912 4681 .
931 4669 963 4682 ..
993 4619 1050 4682 sol.
1074 4621 1109 4681 L.

521 4723 679 4806 Gregorio
705 4724 791 4786 lvani
809 4775 816 4788 .
831 4774 862 4792 ..
886 4727 943 4790 sol.
969 4727 1003 4789 L.

521 4830 676 4894 Oswaldo
702 4833 740 4893 de
766 4831 861 4896 P...
885 4833 942 4895 soi.
969 4834 1003 4895 L.

521 4938 700 5001 Laurentio
726 4939 826 5002 Saffar
844 4989 851 5004 .
870 4989 903 5003 ..
928 4941 986 5003 sol.
1010 4940 1045 5002 L.

521 5043 681 5106 Clementi
709 5047 849 5110 Pali...
873 5047 931 5108 sol.
956 5047 990 5111 L.
