3840 5800
393 554 453 635 ²98
942 553 1095 621 Rationes.

464 837 466 844 ,
499 770 575 830 Item
608 768 686 830 feria
719 784 830 851 quarta
863 783 935 852 post
967 770 1083 833 lestum
1117 773 1201 835 beati
1231 774 1354 836 Vrbani
1386 795 1480 858 pape,
1505 779 1655 858 martiris,

391 875 465 936 dedi
491 876 626 938 domino
652 877 772 939 Mathie
806 879 928 940 cantori
960 879 1029 942 flor.
1064 881 1226 960 sexaginta
1259 881 1342 943 duos
1373 897 1403 943 et
1428 884 1571 946 medinm
1597 905 1655 966 pro

391 985 610 1064 comparando
635 999 723 1045 cutes
748 984 901 1046 videlicet
925 985 964 1048 de
989 1005 1196 1068 pergameno.

497 1091 573 1152 Item
606 1091 720 1153 eodem
754 1092 805 1153 die
832 1091 995 1175 Stephano
1019 1092 1146 1155 literato
1178 1095 1247 1158 flor.
1278 1093 1330 1177 IV,
1358 1108 1389 1158 et
1410 1093 1484 1159 VIII
1515 1098 1572 1161 sol.
1598 1118 1656 1180 pro

391 1197 622 1280 comparando
643 1199 785 1260 incausto
811 1212 842 1262 et
865 1199 1015 1263 cinibri0.

494 1301 574 1366 Item
600 1304 706 1366 eidem
731 1325 790 1387 pto
814 1305 967 1367 kathedra
993 1305 1054 1366 sibi
1086 1304 1167 1368 lacta
1193 1307 1262 1372 flor.
1289 1309 1445 1373 medium.

496 1411 572 1472 Item
598 1412 713 1473 iterum
746 1412 820 1473 dedi
846 1413 1010 1495 Stephano
1042 1414 1168 1476 literato
1193 1417 1340 1498 scriptori
1372 1417 1598 1500 Antiphonarii
1624 1418 1655 1478 in

389 1516 531 1599 profesto
557 1521 723 1581 beatorum
750 1520 889 1602 Philippi
915 1533 946 1582 et
970 1521 1080 1583 Jacobi
1104 1523 1327 1604 apostolorum
1356 1523 1426 1585 flor.
1453 1524 1609 1605 quinque.

495 1625 572 1687 Item
598 1626 672 1688 dedi
697 1628 780 1688 circs
806 1626 923 1689 festum
947 1629 1032 1690 beati
1057 1629 1141 1690 Petri
1174 1645 1205 1692 et
1229 1631 1321 1692 Pauli
1347 1631 1569 1713 apostolorum
1596 1631 1655 1692 do-

389 1732 479 1793 mino
507 1734 659 1815 magistro
684 1734 786 1796 Paulo
811 1735 850 1796 de
873 1735 1006 1818 Roycha
1030 1737 1187 1799 canonico
1205 1739 1338 1800 ecclesie
1362 1739 1591 1820 zagrabiensis,
1615 1739 1655 1800 de

388 1840 541 1901 mandato
566 1840 774 1903 dominorum
807 1842 847 1904 de
871 1841 1035 1924 Capitulo,
1067 1857 1180 1906 mutuo
1212 1844 1281 1910 flor.
1315 1846 1493 1927 nonaginta
1528 1859 1590 1906 tres
1614 1845 1655 1907 de

388 1947 532 2026 pecuniis
556 1947 700 2026 ecclesie,
725 1963 755 2009 et
781 1948 916 2010 habetur
940 1949 1132 2031 obligatorias
1158 1950 1312 2033 Capituli,

494 2053 572 2116 Item
606 2055 694 2137 prius
725 2055 808 2117 circa
847 2055 962 2119 festum
997 2056 1237 2120 Purificacionis
1267 2059 1366 2121 Marie
1399 2060 1549 2121 dederam
1583 2059 1654 2120 flor.

387 2159 624 2242 quinquaginta
647 2175 762 2223 mutuo
784 2162 925 2223 dominis
949 2163 988 2224 de
1014 2163 1179 2246 Capitulo,
1196 2165 1252 2246 qui
1277 2179 1351 2228 sunt
1375 2165 1439 2227 dati
1465 2165 1604 2247 lapicide
1623 2179 1654 2226 et

388 2265 523 2327 liabetur
547 2268 740 2349 obligatoria
764 2268 917 2350 Capituli.

493 2374 570 2436 Item
596 2375 711 2436 iterum
737 2375 811 2436 dedi
837 2376 972 2458 lapicide
998 2375 1065 2440 flor.
1090 2378 1179 2440 XXV
1204 2379 1284 2440 circa
1315 2377 1429 2440 festum
1457 2379 1539 2440 beati
1568 2379 1652 2440 Lau·

390 2481 488 2542 rencii
514 2482 653 2542 martiris
681 2503 772 2562 ¹50¹·

491 2587 569 2649 Item
595 2588 749 2670 magistro
774 2588 941 2651 Anthonio
974 2590 1131 2651 canonico
1156 2589 1225 2654 flor.
1250 2591 1290 2656 X.

491 2693 569 2756 Item
594 2695 633 2756 ad
658 2695 884 2778 stipendiari0s
907 2697 1042 2758 ecclesie
1067 2697 1199 2778 exposui
1225 2697 1293 2761 flor.
1319 2697 1424 2759 I⁰XIII.

497 2821 586 2882 1501.
614 2802 754 2864 Sabbato
780 2817 851 2884 post
875 2802 1044 2865 Elizabetb
1067 2803 1163 2864 vidue
1181 2803 1255 2864 dedi
1281 2824 1338 2887 pro
1363 2805 1517 2886 magistro
1543 2805 1648 2866 lhero-

386 2908 474 2970 nimo
499 2909 664 2990 organista
689 2909 757 2972 lior.
784 2925 847 2971 tres
872 2929 930 2992 pro
963 2910 1111 2998 expensis
1141 2909 1181 2970 ad
1215 2911 1421 2994 Marpurgam
1446 2931 1504 2991 pro
1528 2911 1651 2973 condu-

385 3015 487 3076 cendo
512 3017 713 3097 organistam
739 3031 797 3080 etc.

497 3141 588 3201 ¹502·
614 3121 647 3182 In
677 3120 759 3183 festo
793 3125 883 3182 beate
918 3122 1021 3182 Prisce
1054 3122 1187 3202 virginis
1219 3137 1249 3182 et
1280 3123 1429 3200 martiris,
1451 3123 1482 3182 in
1507 3122 1650 3183 sacristia

385 3226 465 3288 lacta
491 3227 551 3290 luit
583 3230 760 3291 conventio
793 3249 849 3311 pro
882 3228 1117 3290 restauracione
1150 3229 1261 3311 organi
1295 3249 1366 3290 cum
1401 3227 1556 3308 M(atheo)
1590 3248 1650 3309 pro

387 3334 455 3396 llor.
491 3335 677 3397 LXXXXII.

491 3441 567 3502 Item
594 3457 669 3502 tunc
687 3441 760 3502 dedi
786 3461 843 3523 pro
861 3461 929 3502 arra
947 3441 1015 3502 flor.
1043 3441 1063 3518 I,
1089 3457 1119 3502 et
1143 3442 1258 3504 iterum
1284 3442 1352 3503 flor.
1376 3462 1430 3503 sex
1456 3444 1601 3524 exposui.

493 3547 551 3608 Ista
577 3547 722 3628 superius
747 3561 855 3608 notata
886 3567 942 3628 per
974 3561 1077 3609 totum
1109 3563 1184 3608 sunt
1214 3547 1329 3629 scripta
1362 3568 1418 3629 per
1442 3568 1556 3609 manus
1580 3569 1648 3610 ma-

386 3653 475 3732 gistri
503 3653 622 3714 Mathei
648 3653 762 3714 notarii
788 3653 933 3714 canonici
959 3654 990 3714 in
1016 3654 1156 3714 sacristia
1185 3653 1224 3714 de
1249 3653 1401 3715 mandato
1427 3655 1648 3734 dominorum,

386 3774 419 3819 ut
444 3774 530 3841 patet
555 3761 586 3820 in
613 3760 745 3840 registro
770 3760 915 3840 antiqtrO‚
948 3760 1034 3841 quod
1067 3761 1218 3842 magister
1242 3761 1346 3822 Lucas
1368 3758 1486 3822 fecerat
1509 3762 1647 3823 scribere

384 3886 439 3947 per
464 3866 634 3926 dominum
660 3865 921 3927 archidiaconum
956 3866 1221 3928 Bartholomeum
1253 3868 1472 3930 chasmensem
1498 3869 1646 3931 condam.

489 3973 685 4052 Sequuntur,
709 3992 772 4053 que
797 3992 857 4053 ego
883 3973 1045 4034 Iohannes
1078 3975 1293 4034 kamarcensis
1317 3975 1463 4056 percepi:
1532 4051 1536 4058 Ι

384 4165 605 4242 introitus,
630 4181 918 4246 perceptaque
951 4187 1020 4248 per
1054 4169 1366 4228 kamarcensern
1393 4169 1646 4230 iohannem:

489 4308 597 4368 Primo
622 4307 734 4368 habuit
758 4308 788 4367 in
814 4309 955 4370 sacristia
980 4310 1049 4371 flor.
1075 4325 1202 4372 centum
1228 4311 1463 4392 quinquaginta
1486 4331 1586 4372 unum
1614 4329 1646 4374 et

382 4414 525 4474 medium
552 4415 582 4473 in
608 4413 750 4495 profesto
783 4414 953 4476 Thiburcii
986 4431 1017 4478 et
1049 4416 1211 4478 Valeriani
1245 4418 1411 4478 martirum
1436 4438 1521 4479 anno
1549 4438 1642 4498 1500,

382 4535 414 4578 ut
438 4533 525 4600 patet
550 4519 666 4580 clarius
691 4520 721 4579 in
747 4535 835 4602 parte
859 4523 1011 4583 anteriori
1040 4521 1109 4584 lolii
1135 4524 1300 4605 presentis.

486 4646 513 4688 a.
541 4627 672 4686 Domini
698 4627 826 4688 lectoris
850 4628 933 4689 Petri
958 4629 1026 4692 flor.
1049 4630 1174 4710 viginti.

488 4754 514 4812 3.
540 4733 681 4812 Magistri
709 4735 795 4794 Luce
820 4734 888 4796 flor.
909 4735 1060 4798 sedecim.

485 4859 514 4914 4.
539 4839 624 4900 Pena
650 4840 792 4918 magistri
817 4841 951 4902 Fabiani
977 4841 1046 4906 flor.
1075 4844 1286 4924 septuaginta.

487 4967 514 5024 5.
542 4947 683 5026 Magistri
709 4947 864 5008 Anthonii
890 4948 929 5008 de
955 4950 1153 5030 Megerewcz
1177 4950 1247 5011 flor.
1272 4951 1311 5012 X.

485 5053 513 5112 ti.
542 5052 682 5131 Magistri
709 5053 799 5113 Pauli
825 5053 963 5135 Zythecz
988 5055 1058 5118 flor.
1082 5056 1180 5117 XXV.
