3804 5798
408 569 465 627 162
934 560 1120 627 Inventam.

402 779 537 861 capitale
554 797 627 840 cum
652 797 742 856 auto,
759 791 789 840 et
813 779 844 839 in
863 776 924 838 line
939 778 1040 860 prime
1059 779 1174 860 pagine
1191 777 1322 839 secundi
1340 775 1409 839 folii
1427 777 1496 839 finit
1517 779 1663 859 »Exurge

401 886 569 963 domine«,
593 897 624 945 et
641 884 673 945 in
690 882 753 946 fine
772 884 843 946 libri
862 883 932 945 linit
952 897 1023 946 »tua
1041 884 1173 946 domine
1191 884 1270 946 deus
1286 899 1404 948 noster.
1423 885 1493 947 Deo
1509 886 1662 965 gracias«.

506 1011 596 1088 ltem,
613 1028 714 1071 unum
734 1009 935 1070 Breviarium
953 1029 1026 1072 cum
1044 1009 1231 1071 kalendario
1248 1023 1333 1089 ante,
1350 1010 1438 1092 quod
1459 1011 1572 1092 incipit
1588 1029 1661 1071 cum

402 1116 493 1198 nigro
513 1117 655 1198 »Regem
681 1135 834 1197 magnum
850 1115 1055 1195 adoremus«,
1078 1129 1112 1182 et
1128 1115 1161 1178 in
1176 1114 1240 1178 fine
1263 1116 1365 1198 prime
1390 1116 1507 1198 pagine
1531 1115 1664 1178 secundi

401 1220 470 1283 folii
496 1221 565 1283 finit
594 1222 643 1282 »in
668 1234 699 1284 te
724 1221 893 1304 psallam«,
909 1235 940 1284 et
964 1222 995 1284 in
1012 1220 1075 1296 fine
1092 1222 1166 1284 libri
1183 1220 1253 1284 finit
1275 1235 1508 1306 »postpartum
1533 1223 1665 1304 virgo‹;

400 1329 488 1410 quod
513 1329 602 1390 dedit
626 1327 778 1390 dominus
813 1329 1019 1391 Eberhardus
1050 1306 1130 1392 olim
1163 1331 1333 1413 episcopus
1363 1329 1592 1412 zagrabienais,
1615 1347 1662 1390 re-

400 1449 494 1517 cepto
519 1435 661 1517 quodam
687 1435 851 1496 Breviario
876 1435 988 1518 pulcro
1018 1448 1050 1498 et
1080 1437 1188 1517 magni
1221 1437 1350 1516 valoris,
1375 1435 1464 1518 quod
1489 1438 1573 1498 bone
1598 1455 1663 1496 me·

400 1541 502 1604 morie
538 1541 690 1603 dominus
734 1541 928 1603 Lancelotus
971 1541 1132 1624 legaverat
1174 1541 1337 1624 prebende
1371 1543 1470 1604 sancti
1507 1541 1661 1624 Stephani

399 1648 643 1730 protomartiris.

504 1772 595 1852 Item,
621 1791 721 1834 unum
746 1772 947 1834 Breviarium
979 1772 1167 1855 antiquum,
1201 1773 1319 1835 modici
1352 1773 1482 1853 valoris,
1512 1773 1607 1834 breve
1632 1785 1663 1833 et

399 1879 586 1959 rotundum,
611 1879 753 1961 legatum
786 1879 949 1962 prebende
977 1899 1033 1960 per
1065 1879 1235 1941 dominum
1270 1880 1480 1942 Benedictum
1506 1878 1662 1956 lwanche,

400 1986 563 2068 prebende
587 2005 644 2067 per
668 2004 742 2048 eum
774 1985 893 2066 dotate,
918 1985 1007 2067 quod
1039 1984 1134 2047 habet
1159 1985 1283 2048 Elasius
1315 1986 1393 2066 Ban,
1419 1985 1661 2069 prebendarius.

899 2197 1163 2261 Racionalia.

503 2340 592 2419 ltem,
609 2340 690 2402 liber
706 2341 890 2402 Racionalia
907 2341 1016 2422 magni
1033 2341 1219 2421 voluminis,
1237 2355 1268 2404 et
1285 2341 1398 2424 incipit
1421 2361 1494 2403 cum
1518 2341 1659 2403 rubrica:

401 2447 533 2530 »lncipit
557 2448 639 2510 liber
662 2447 865 2527 racionalisa,
891 2461 921 2510 et
944 2446 978 2511 in
996 2446 1058 2510 fine
1079 2448 1182 2531 prime
1206 2448 1322 2531 pagine
1347 2448 1479 2510 secundi
1504 2446 1574 2510 lolii
1592 2446 1662 2508 finit

401 2555 546 2617 »emulor
570 2555 655 2616 enim
682 2574 771 2634 vosc,
803 2567 834 2616 et
857 2555 889 2616 in
922 2553 986 2616 fine
1017 2554 1091 2617 libri
1122 2553 1192 2616 finit
1222 2574 1296 2616 curn
1329 2555 1422 2637 nigro
1448 2553 1504 2616 »ln
1528 2553 1661 2615 nomine

397 2661 532 2724 domini.
555 2665 670 2725 Amen.
697 2660 836 2744 Explicit
859 2661 1021 2724 racionale
1042 2660 1225 2723 divinorum
1251 2659 1453 2723 officiorume
1481 2660 1520 2721 de
1546 2659 1657 2722 eadem

396 2769 513 2832 littera.

505 2892 594 2971 ltem,
619 2911 720 2954 unum
744 2891 833 2954 aliud
862 2891 1038 2953 Racionale
1062 2891 1196 2953 minoris
1220 2890 1406 2970 voluminis,
1430 2888 1519 2972 quod
1544 2887 1656 2969 incipit

396 3019 470 3060 curn
493 2999 619 3061 rubrica
657 2990 852 3060 »Racionale
888 2997 1073 3059 divinorum
1097 2995 1311 3075 officiorum«,
1347 2996 1434 3058 etin
1466 2993 1530 3057 fine
1554 2993 1656 3077 prime

395 3106 512 3187 pagine
535 3105 667 3166 secundi
692 3103 762 3166 lolii
786 3103 856 3166 finit
883 3117 936 3165 »ut
960 3104 1024 3165 iarn
1049 3103 1204 3182 diceture,
1229 3117 1261 3165 et
1280 3103 1313 3164 in
1337 3100 1401 3164 fine
1425 3101 1498 3163 libri
1523 3099 1594 3162 finit
1617 3099 1655 3160 de

395 3211 507 3273 eadem
536 3211 640 3273 littera
658 3211 818 3293 »Explicit
841 3210 1001 3272 racionale
1025 3209 1210 3273 divinorum
1234 3208 1449 3272 officioruma.

501 3335 554 3416 (In
577 3337 740 3410 marginal
766 3334 851 3397 lstud
883 3348 930 3397 est
961 3334 1070 3396 datum
1088 3334 1226 3396 condam
1259 3332 1416 3418 Mychaeli
1450 3332 1589 3415 plebano
1622 3329 1661 3391 de

397 3442 518 3524 Lonya,
543 3461 600 3524 pro
633 3460 698 3522 quo
730 3454 803 3502 sunt
833 3441 989 3523 propositi
1022 3441 1054 3502 in
1087 3440 1228 3503 sacristia
1259 3440 1334 3502 certi
1360 3439 1444 3517 libri,
1476 3437 1565 3520 quod
1597 3437 1661 3498 Ra·

395 3547 519 3609 cionale
551 3547 646 3608 habet
681 3566 784 3626 nunc,
820 3562 855 3608 ut
878 3547 1005 3626 dicitur,
1041 3546 1193 3609 dominus
1218 3546 1374 3608 Martinus
1406 3545 1564 3628 plebanus
1600 3544 1658 3605 sub

393 3653 507 3716 maiori
533 3653 682 3717 Kemlulr.

775 3863 779 3870 ’
854 3847 1050 3929 Legenda
1081 3867 1197 3910 nove

501 3989 589 4067 ltem,
614 4009 697 4051 unus
721 3989 802 4050 liber
828 3989 979 4070 Legende
1004 4009 1087 4051 nove
1119 3989 1194 4051 satis
1217 3988 1346 4070 spissus,
1369 3987 1490 4049 habene
1514 3986 1547 4048 in
1572 3987 1657 4069 prin·

394 4095 478 4176 cipio
503 4095 640 4177 capitula
667 4095 705 4156 de
722 4094 878 4176 legendis,
903 4095 958 4176 qui
989 4095 1101 4178 incipit
1130 4114 1202 4157 cum
1228 4095 1320 4176 nigro
1346 4093 1562 4157 »Universum
1578 4107 1657 4156 tern-

393 4221 453 4283 pus
477 4202 632 4284 presentis
655 4202 752 4280 vite«,
778 4215 808 4263 et
832 4202 864 4262 in
889 4199 952 4263 fine
975 4202 1079 4284 prime
1104 4203 1219 4284 pagine
1249 4201 1379 4262 secundi
1407 4199 1475 4262 folii
1501 4199 1570 4262 finit
1591 4198 1655 4260 »f-

393 4327 462 4368 ccre
487 4309 572 4369 bona
597 4307 817 4386 dedecimus«,
835 4320 866 4370 et
883 4308 915 4368 in
933 4307 995 4369 fine
1013 4308 1086 4369 libri
1103 4306 1174 4369 finit
1193 4327 1271 4369 »noa
1288 4307 1405 4369 scimus
1422 4307 1510 4388 quod
1529 4305 1657 4385 multi«,

393 4427 424 4477 et
448 4427 533 4477 caret
556 4413 629 4476 fine.

498 4519 553 4602 (ln
568 4523 735 4603 marginer)
752 4520 841 4599 ltem,
858 4521 989 4602 antiqua
1007 4520 1170 4602 Legenda,
1188 4539 1251 4601 quc
1274 4519 1386 4602 incipit
1405 4517 1533 4580 »Passio
1557 4517 1658 4578 mncti

392 4629 555 4707 Andreas,
579 4641 609 4689 et
625 4628 657 4688 in
671 4625 734 4688 fine
759 4627 903 4689 eiusdem
928 4627 1001 4688 libri
1026 4646 1098 4689 cum
1123 4627 1227 4688 littera
1252 4629 1473 4689 beneventana
1500 4628 1656 4685 »Amen«.

498 4734 587 4812 ltem,
612 4735 693 4796 alius
710 4735 791 4796 liber
815 4734 965 4816 Legende
984 4754 1065 4796 nove
1090 4735 1130 4795 de
1153 4731 1285 4815 pulchra
1311 4733 1414 4795 littera
1439 4729 1572 4792 minoris
1596 4750 1652 4792 vo·

390 4839 532 4920 luminis,
557 4841 612 4922 qui
637 4841 749 4923 incipit
774 4860 846 4902 cum
872 4841 997 4902 rubrica
1025 4839 1202 4922 »Prologus
1226 4839 1258 4900 in
1283 4839 1364 4901 vitas
1387 4851 1591 4900 sauctorum«
1619 4849 1649 4898 et

390 4962 461 5029 post
485 4947 657 5029 prologum
682 4947 804 5008 habens
828 4947 967 5030 capitula
992 4948 1031 5009 de
1048 4947 1204 5029 legendis,
1229 4959 1260 5007 et
1284 4946 1316 5008 in
1340 4943 1404 5007 fine
1428 4943 1501 5006 libri
1526 4941 1599 5005 finit
1616 4943 1655 5004 de

390 5053 502 5114 eadem
525 5053 630 5115 littera
658 5073 732 5136 »per
756 5053 866 5115 omnia
889 5053 996 5116 secula
1020 5053 1214 5116 seculorum.
1244 5055 1385 5116 Amen«.
