3810 5806
402 529 441 609 56
933 527 1020 585 Anno
1043 524 1138 605 1487.

398 745 482 825 gulis
506 744 598 806 annis
620 745 744 826 possint
767 744 884 805 dictam
910 743 1024 805 turrim
1048 763 1105 804 seu
1133 743 1288 804 celarium
1322 742 1353 802 in
1379 741 1491 804 eadem
1517 743 1664 805 habitum

399 851 500 912 semel
524 850 677 913 videlicet
700 865 825 913 tantum
852 851 883 910 in
901 850 1049 931 quolibet
1066 869 1152 911 anno
1171 869 1245 911 cum
1261 849 1338 910 vino
1357 849 1490 930 replere,
1503 869 1539 911 ac
1557 850 1666 911 huius·

400 957 488 1019 modi
506 957 618 1018 vinum
635 957 717 1019 inter
729 977 788 1019 nos
805 971 835 1018 et
848 957 948 1018 eciam
963 957 1120 1018 extraneis
1137 969 1233 1046 prout
1256 956 1373 1037 aliquis
1397 957 1579 1018 concivium
1604 976 1663 1018 no-

399 1077 537 1125 strorum
563 1063 664 1126 libere
688 1064 871 1146 propinare,
896 1063 1036 1125 vendere
1069 1082 1104 1124 ac
1128 1061 1313 1124 venditioni
1348 1063 1574 1144 exponendum
1600 1063 1666 1146 ple-

400 1190 473 1231 nam
498 1169 652 1232 heberent
683 1169 866 1232 facultatem
900 1185 996 1252 atque
1031 1169 1210 1246 vendendi;
1236 1169 1296 1231 hoc
1329 1171 1430 1231 eciam
1456 1189 1521 1230 non
1545 1183 1663 1251 preter·

399 1277 510 1354 misso,
528 1275 617 1358 quod
635 1277 710 1337 dicti
730 1275 841 1339 fratres
856 1276 1020 1338 Heremite
1038 1295 1093 1338 seu
1108 1276 1282 1338 claustrum
1299 1275 1434 1357 singulis
1457 1276 1550 1337 annis
1567 1277 1666 1337 tercio

400 1383 452 1444 die
477 1381 547 1444 festi
581 1383 665 1444 beati
699 1383 829 1444 Martini
862 1383 1004 1464 episcopi
1038 1401 1139 1444 unum
1174 1383 1243 1445 flor.
1277 1383 1346 1445 auri
1377 1401 1436 1464 pro
1468 1382 1665 1465 prefatorum

399 1489 565 1571 presertim
592 1489 740 1550 vinorum
776 1490 968 1551 vendicione
1001 1489 1100 1550 nostri
1133 1489 1305 1551 comitatus
1336 1490 1485 1550 munibus
1517 1489 1667 1550 videlicet

398 1595 515 1678 judicis
539 1597 638 1656 nostri
664 1615 723 1678 pro
747 1609 894 1677 tempore
919 1596 1083 1658 constituti
1105 1596 1179 1656 dare
1206 1609 1236 1658 et
1261 1596 1421 1679 assignare
1445 1617 1481 1658 ac
1506 1597 1565 1658 sibi
1591 1596 1667 1678 ipsis

399 1705 438 1764 ab
465 1701 580 1764 eodem
606 1702 710 1783 judice
735 1702 870 1784 provide
888 1702 1105 1785 expeditorias
1122 1723 1293 1784 procurare
1316 1705 1510 1765 tenebuntur
1528 1718 1558 1765 et
1575 1717 1668 1765 erunt

400 1809 545 1890 obligati.
571 1808 702 1870 Eisdem
727 1809 835 1891 sigillo
865 1823 974 1872 nostro
1007 1811 1173 1872 communi
1205 1811 1359 1892 pendenti
1385 1811 1492 1872 literas
1516 1811 1665 1871 duximus

401 1914 550 1997 (dandas)
575 1927 607 1976 et
631 1915 791 1978 dedimus.

436 2051 559 2120 (Confer.
585 2053 645 2108 Vol.
664 2053 707 2108 11.
728 2055 794 2108 Doe.
813 2057 874 2109 342.
