3810 5806
696 1626 822 1722 (Auno
850 1626 1006 1715 Domini
1034 1625 1221 1725 noxit.)

328 2002 417 2078 ltem
445 2001 479 2077 in
508 2025 601 2077 anno
622 1999 765 2076 Domini
779 2001 966 2077 millesimo
982 2002 1271 2101 quingentesimo
1292 2002 1590 2102 decimoquarto,

326 2136 491 2223 tempore
517 2126 686 2201 videlicet
714 2125 814 2225 primi
839 2124 1021 2223 judicatus
1058 2127 1244 2226 prudentis
1274 2137 1312 2202 et
1341 2126 1590 2224 circumspecti

325 2251 389 2324 viri
420 2248 602 2325 Michaelis
640 2248 699 2324 filii
733 2248 879 2343 hlothei,
918 2251 1079 2325 moderni
1111 2249 1241 2347 judicis
1284 2253 1409 2342 nostri,
1438 2273 1589 2348 presens

326 2375 514 2449 laternum
534 2382 593 2448 est
612 2373 855 2472 conscriptum
885 2373 994 2448 modo
1024 2382 1062 2449 et
1086 2374 1211 2449 ordine
1239 2381 1348 2472 prout
1375 2380 1488 2472 patet,
1509 2373 1588 2447 sab-

456 2497 544 2572 bato
574 2497 737 2596 proximo
766 2498 799 2571 in
829 2497 995 2596 profesto
1022 2498 1119 2572 beati
1150 2495 1319 2595 Gregorii
1350 2520 1454 2596 pape.

852 2777 912 2840 (rr.
937 2764 1060 2828 neartii).

415 2941 513 3015 Quod
534 2961 593 3002 nos
610 2940 774 3022 quoddam
793 2938 890 3002 fenile
908 2954 1050 3002 nostrum
1071 2960 1243 3002 commune
1257 2940 1287 3000 in
1306 2939 1466 3000 territorio
1481 2953 1590 3000 nostro

325 3067 380 3108 seu
405 3048 542 3109 civitatis
566 3045 687 3130 prefate
711 3047 867 3125 habitum,
892 3068 907 3108 a
931 3063 1018 3130 parte
1037 3047 1186 3109 orientali
1211 3067 1309 3128 penes
1333 3047 1467 3109 fluvium
1489 3045 1589 3109 Cher-

325 3173 475 3216 nomercz
500 3154 709 3236 appellatum,
734 3175 750 3214 a
776 3169 864 3234 parte
880 3154 1134 3236 septemtrionali
1158 3154 1240 3214 inter
1264 3151 1362 3214 fenile
1387 3152 1513 3213 discreti
1531 3152 1587 3213 do-

325 3261 404 3322 mini
431 3260 596 3322 Michaelis
620 3259 676 3322 filii
701 3260 839 3321 condam
860 3261 982 3338 Berlek,
1007 3260 1084 3322 olim
1103 3259 1244 3321 concivis
1261 3260 1372 3338 nostri,
1397 3278 1460 3340 qua
1478 3257 1589 3320 fenilio

325 3382 449 3449 separat
473 3367 638 3450 quoddam
669 3364 823 3428 fossatum
848 3367 897 3442 ab
930 3367 997 3448 ipsa
1029 3383 1117 3448 parte
1150 3366 1417 3448 septemtrionali,
1442 3366 1482 3426 ab
1507 3365 1590 3427 occi·

325 3473 444 3534 dentali
469 3473 570 3533 eciam
596 3469 694 3534 fenile
719 3485 826 3534 nostre
851 3473 1101 3550 communitatis,
1119 3473 1207 3554 quod
1233 3472 1273 3533 ad
1291 3491 1421 3554 presens
1446 3471 1590 3554 possidet

325 3578 451 3639 Marcus
475 3577 515 3638 de
540 3577 706 3656 walana,
724 3578 859 3640 colonus
877 3593 994 3656 noster,
1012 3577 1156 3640 habiturn
1175 3593 1205 3638 et
1230 3579 1377 3655 existens,
1401 3577 1498 3638 simul
1516 3596 1588 3638 cum

328 3683 478 3745 omnibus
510 3683 654 3745 eiusdem
673 3682 780 3747 fertilis
802 3685 1005 3763 utilitatibus,
1030 3685 1159 3763 usibus,
1184 3684 1305 3765 juribus
1330 3698 1360 3745 et
1384 3682 1589 3766 pertinenciis

326 3790 482 3851 universis
507 3791 643 3873 provido
661 3791 729 3852 viro
755 3791 848 3852 Petro
865 3792 1015 3872 agricole,
1037 3791 1241 3853 inhabitatori
1268 3804 1299 3852 et
1315 3791 1418 3852 incole
1436 3789 1587 3852 territorii

324 3897 461 3959 civitatis
486 3911 591 3960 nostre
609 3918 645 3959 ac
669 3917 725 3982 per
742 3918 816 3959 eum
835 3898 900 3960 suis
925 3897 1097 3959 heredibus
1114 3917 1171 3979 pro
1189 3897 1258 3959 lior.
1283 3898 1410 3959 duobus
1433 3911 1588 3979 perpetuo

324 4005 530 4066 vendidimus
554 4019 585 4067 et
609 4005 828 4087 inscripsimus
845 4005 965 4066 eisdem
997 4004 1247 4086 possidendum;
1269 4004 1309 4064 de
1326 4023 1391 4084 quo
1416 4002 1510 4064 nobis
1534 4022 1590 4063 seu

324 4112 546 4173 communitati
572 4126 679 4173 nostre
703 4112 837 4192 singulis
854 4113 946 4172 annis
965 4111 1004 4172 ad
1029 4112 1217 4173 comitatum
1250 4123 1394 4173 nostrum
1420 4109 1588 4191 provenie-

324 4219 400 4280 bant
423 4218 518 4279 solidi
543 4219 675 4300 viginti,
700 4237 781 4300 quos
805 4238 890 4279 nunc
915 4232 945 4279 et
969 4217 1196 4300 perpetualiter
1224 4237 1282 4299 pto
1307 4215 1436 4298 prelatis
1460 4215 1587 4277 duobus

327 4323 397 4387 flor.
422 4325 653 4388 libertavimus.

340 4457 342 4464 ·
431 4431 528 4505 Quod
553 4452 613 4494 nos
637 4433 675 4494 ad
701 4432 897 4514 peticionem
932 4431 1068 4513 provide
1099 4431 1244 4493 mulieris
1269 4430 1369 4492 Elene
1394 4441 1517 4507 vocate,
1542 4446 1589 4488 re·

322 4539 396 4601 licte
422 4539 558 4601 condam
585 4539 746 4601 Ambrosii
773 4540 887 4600 Brwoz
912 4538 999 4616 dicti,
1034 4538 1075 4600 de
1100 4538 1213 4622 llycza,
1245 4538 1350 4599 incole
1375 4550 1406 4599 et
1431 4535 1588 4597 inhabita-

324 4646 402 4706 toris
425 4646 575 4707 territorii
593 4646 729 4707 civitatis
754 4659 873 4724 nostre,
891 4644 1053 4726 quandam
1071 4644 1198 4705 vineam
1215 4663 1307 4704 suam
1329 4640 1588 4704 condicionalem

323 4751 356 4812 in
381 4751 543 4813 territorio
568 4765 677 4813 nostro
701 4772 757 4813 seu
783 4751 918 4814 civitatis
942 4749 1075 4833 prefate,
1106 4751 1203 4811 simul
1228 4769 1300 4812 cum
1326 4748 1465 4830 quadam
1490 4747 1584 4830 parti-

324 4859 394 4921 cula
409 4872 490 4920 terre
505 4858 628 4921 deserte
639 4873 745 4920 nostre
765 4858 1015 4936 communitatis,
1025 4877 1121 4938 quarn
1137 4856 1241 4917 eidem
1252 4855 1447 4934 addidimus,
1463 4875 1480 4916 a
1497 4865 1585 4935 parte

323 4967 470 5028 orientali
489 4981 519 5028 et
547 4966 751 5027 meridionali
777 4985 874 5046 penes
891 4963 1027 5025 fundum
1053 4977 1083 5024 et
1100 4963 1201 5023 eciam
1226 4977 1343 5023 terram
1367 4961 1512 5022 similiter
1532 4958 1587 5020 de·

323 5088 439 5134 sertam
464 5074 592 5156 providi
626 5073 685 5135 viri
711 5073 984 5152 Martinigeneri
1018 5068 1212 5152 Trahwlych
1246 5069 1332 5147 dicti,
1357 5089 1374 5130 a
1400 5082 1487 5151 parte
1513 5087 1589 5130 vero
