3810 5806
366 521 409 600 48
909 516 1113 600 Anno1483.

369 734 458 795 Pauli
484 734 592 796 relicta
617 732 767 794 videlicet
800 731 912 814 prefati
947 731 1083 794 condam
1117 734 1246 812 Jacobi,
1279 753 1364 796 nunc
1392 753 1468 796 vero
1502 753 1633 795 consors

368 841 524 922 legittima
550 839 706 902 Anthonii
733 839 840 922 Segyn
865 838 922 900 lilii
947 840 1085 901 condam
1104 840 1195 902 Pauli
1220 839 1260 902 de
1285 839 1392 918 Zeela,
1408 841 1550 902 concivis
1574 860 1632 902 no-

367 962 441 1025 stra,
465 947 719 1030 propinaverunt
752 944 916 1026 quandam
949 945 1089 1008 mediam
1123 959 1244 1028 partem
1276 946 1385 1008 totalis
1417 945 1534 1008 domus
1558 965 1630 1008 cum

368 1053 485 1116 celario
509 1053 717 1114 subterraneo
742 1053 801 1112 sub
823 1051 936 1114 eadem
962 1049 1100 1130 exfosso,
1117 1065 1239 1134 partem
1265 1052 1416 1114 videlicet
1440 1052 1634 1114 anteriorem

366 1159 510 1221 eiusdem
535 1159 641 1220 totalis
665 1157 792 1236 domus,
816 1158 898 1218 inter
922 1157 1039 1219 domos
1072 1171 1103 1219 et
1126 1156 1244 1219 fundos
1269 1157 1425 1220 Johannis
1449 1158 1590 1237 sartoris,
1617 1178 1635 1219 a

369 1265 571 1327 meridionali
604 1279 702 1346 parte,
734 1265 773 1324 ab
803 1264 903 1325 altera
935 1283 1011 1326 vero
1043 1279 1131 1346 parte
1164 1283 1261 1346 penes
1292 1264 1427 1326 domum
1452 1263 1635 1346 hospitalis,
1733 1353 1737 1360 Ι

368 1371 471 1433 eidem
498 1371 663 1432 Anthonio
689 1369 794 1452 Segyn
816 1369 1050 1452 propinassent,
1076 1371 1176 1432 immo
1205 1370 1457 1451 propinaverunt
1481 1386 1511 1431 et
1535 1370 1631 1431 dede·

368 1491 441 1540 runt
465 1490 496 1539 et
519 1490 788 1559 perpetuaverunt
811 1476 897 1537 salva
922 1475 984 1537 alia
1009 1475 1180 1538 medietate
1206 1476 1306 1558 ipsius
1333 1475 1424 1538 fundi
1450 1496 1536 1538 nunc
1562 1475 1628 1537 edi·

367 1583 446 1645 ficiis
471 1584 617 1662 carentis,
642 1582 815 1644 heredibus
839 1583 976 1645 condam
1004 1582 1123 1644 Mathia
1148 1583 1337 1666 carpentarii
1362 1597 1559 1661 remanente,
1584 1584 1632 1646 iu·

367 1691 464 1752 troitu
489 1704 579 1772 porte
603 1704 633 1750 et
657 1704 739 1753 terre
764 1689 888 1751 deserte
921 1688 1038 1750 ultimo
1072 1691 1228 1750 ambabus
1252 1691 1397 1772 partibus
1422 1688 1633 1751 deserviente.

370 1795 486 1857 Datum
511 1795 564 1857 die
589 1809 619 1858 et
643 1815 728 1857 anno
753 1809 788 1858 ut
812 1815 917 1878 supra.

475 1901 552 1962 item
577 1902 712 1983 provida
737 1901 853 1962 mulier
882 1900 1082 1982 Margaretha
1116 1899 1227 1962 relicta
1259 1900 1399 1962 condam
1426 1899 1559 1980 Georgii
1584 1919 1636 1961 su·
1687 1937 1693 1948 ·

367 2008 445 2068 toris
469 2007 547 2068 olim
574 2008 667 2089 jurati
695 2022 726 2069 et
742 2007 884 2069 concivis
901 2007 1012 2086 nostri,
1036 2026 1095 2089 pro
1112 2025 1197 2068 nunc
1222 2026 1298 2069 vero
1323 2026 1454 2069 consors
1478 2006 1635 2087 legittima

369 2114 493 2175 Nicolai
520 2115 693 2176 Mikulicza
718 2115 805 2194 dicti,
830 2115 1036 2177 medietatem
1054 2115 1223 2176 cuiusdam
1248 2115 1367 2176 domus
1389 2115 1508 2193 totalis,
1533 2115 1633 2197 ipsam

368 2235 440 2303 post
463 2236 600 2283 mortem
625 2221 737 2304 prefati
764 2221 896 2302 Georgii
918 2221 1012 2303 primi
1037 2221 1219 2300 maritimi,
1243 2219 1312 2302 jure
1336 2221 1533 2282 successorio
1558 2239 1635 2282 con·

371 2341 567 2407 cernentem,
592 2327 717 2412 prelato
742 2328 879 2390 Nicolao
912 2327 1084 2389 Mikulicza
1118 2327 1223 2406 dicto,
1255 2327 1413 2390 moderno
1438 2328 1555 2389 marito
1579 2347 1637 2389 suo

368 2434 553 2514 propinavit
577 2453 650 2496 cum
669 2435 840 2498 medietate
857 2434 966 2496 celarii
983 2435 1042 2495 sub
1066 2433 1178 2494 eadem
1196 2433 1367 2496 medietate
1385 2433 1502 2495 domus
1519 2431 1635 2494 effossi.

369 2573 410 2583 -
435 2538 511 2600 Item
539 2539 660 2602 ibidem
685 2541 897 2623 personaliter
921 2553 1074 2602 asstantes
1092 2539 1245 2601 Clemens
1260 2540 1404 2602 literatus
1428 2539 1468 2600 de
1494 2539 1582 2602 Odra
1599 2552 1631 2600 et

369 2643 556 2706 Anthonius
571 2647 765 2709 Terbsetich
784 2646 823 2708 de
842 2647 1021 2708 Lulrawecz
1039 2644 1175 2707 confessi
1193 2659 1277 2724 sunt,
1302 2645 1391 2727 quod
1416 2645 1475 2728 ipsi
1500 2645 1633 2707 alteram

370 2752 575 2814 medietatem
602 2752 723 2835 prefate
747 2753 864 2816 domus
888 2772 961 2814 cum
980 2751 1152 2814 medietate
1175 2752 1283 2814 celarii
1308 2753 1368 2814 sub
1392 2752 1492 2814 domo
1517 2751 1628 2834 prelati

371 2856 497 2919 Nicolai
513 2859 686 2922 Mikulicza
711 2860 787 2922 dicti
812 2858 918 2922 effossi
935 2858 1151 2921 vendiderunt
1168 2858 1273 2921 eidem
1299 2858 1434 2922 Nicolao
1460 2859 1630 2920 Mikulicza

369 2963 455 3024 dicto
480 2983 538 3045 pro
563 2979 702 3047 quatuor
729 2968 797 3031 flor.
823 2966 902 3027 auri.

475 3069 552 3132 Item
575 3073 731 3154 providus
754 3073 802 3133 vir
825 3071 970 3133 Andreas
1001 3069 1086 3132 filius
1117 3071 1256 3133 condam
1282 3070 1449 3134 Michaelis
1474 3069 1633 3132 Kelchecz

368 3174 473 3236 dictus
497 3177 659 3258 quandam
685 3178 819 3240 domum
844 3191 874 3240 et
899 3175 1036 3238 fundum
1068 3196 1163 3238 suurn
1197 3177 1228 3238 in
1261 3177 1388 3240 civitate
1422 3189 1529 3238 nostra
1553 3177 1636 3238 inter

369 3279 504 3343 domum
529 3284 656 3346 Nicolai
688 3283 781 3364 labri,
812 3305 830 3346 a
863 3297 952 3366 parte
985 3283 1201 3368 meridionali,
1233 3303 1251 3345 a
1282 3297 1371 3365 parte
1395 3302 1472 3345 vero
1496 3296 1633 3365 septem·

367 3386 498 3448 trionali
524 3408 623 3471 penes
646 3389 780 3452 domum
805 3409 862 3453 seu
890 3387 1027 3451 fundum
1060 3389 1193 3450 domine
1218 3388 1383 3452 Dorothee
1418 3387 1484 3451 filie
1509 3387 1639 3450 Andree

371 3491 603 3576 Simunowicz,
628 3497 732 3578 ipsum
757 3497 853 3559 titulo
878 3495 1057 3577 empcionis
1081 3515 1098 3555 a
1123 3494 1297 3557 Dominico
1321 3494 1389 3557 filio
1413 3494 1550 3556 condam
1576 3493 1639 3556 Va·

368 3597 488 3661 lentini
514 3601 669 3664 Saronich
687 3615 946 3679 concernentem,
963 3599 1110 3662 vendidit
1126 3600 1265 3662 Johanni
1284 3602 1420 3664 institori
1448 3601 1532 3662 iwan
1551 3599 1639 3661 dicto

372 3721 432 3784 pro
457 3707 607 3771 undecim
631 3708 702 3772 flor.
726 3710 795 3770 auri
831 3710 950 3772 Datum
975 3706 1027 3767 die
1052 3718 1083 3768 et
1106 3726 1192 3769 anno
1216 3707 1442 3790 suprascripto
