3842 5802
401 540 439 601 18
930 536 1016 593 Anno
1039 544 1128 612 1473.

398 753 597 835 Margarethe
629 750 818 812 mulieribus
850 748 969 810 relictis
999 761 1031 808 et
1062 747 1205 829 ipsorum
1238 743 1411 807 heredibus
1445 741 1660 804 communiter

396 861 554 923 deservire
579 858 711 932 debeat;
737 857 869 938 ipseque
894 872 1006 916 omnes
1030 867 1134 935 partes
1162 851 1298 914 eandem
1324 852 1490 914 cisternam
1517 849 1655 932 propriis

397 985 506 1029 earum
532 963 714 1046 sumptibus
738 975 769 1024 et
791 960 937 1043 expensis
960 959 1026 1020 suis
1043 959 1243 1042 temporibus
1260 959 1409 1020 ordinare
1433 971 1464 1018 et
1488 955 1656 1040 purificare

397 1072 610 1144 tenebuntur;
635 1069 686 1129 cui
710 1067 783 1128 data
808 1080 854 1127 est
877 1066 967 1128 litera
992 1080 1100 1128 nostre
1129 1064 1370 1128 communitatis
1394 1063 1614 1146 privilegialis.

504 1175 601 1249 Quod
626 1175 701 1256 quia
726 1193 784 1234 nos
807 1187 874 1235 tota
891 1173 1106 1234 communitas
1123 1173 1206 1234 dicte
1223 1172 1361 1234 civitatis
1384 1171 1481 1232 simul
1506 1171 1657 1232 inunum

397 1285 486 1346 dives
510 1296 541 1344 et
565 1301 697 1364 pauper,
730 1280 769 1340 de
802 1279 959 1358 unanimi,
990 1279 1207 1359 concordique
1246 1290 1353 1339 nostra
1385 1277 1549 1339 voluntate
1574 1295 1659 1338 conr-

399 1391 487 1452 muni
521 1403 551 1450 et
586 1408 622 1449 ex
659 1387 764 1468 gracia
799 1400 906 1447 nostra
937 1385 1067 1468 speciali
1100 1386 1263 1467 quandam
1296 1384 1484 1467 particulam
1520 1395 1659 1444 nostram

398 1513 605 1558 communem
630 1492 797 1554 cuiusdam
821 1506 903 1553 terre
929 1492 960 1551 in
978 1492 1121 1574 quodam
1144 1492 1216 1553 loco
1234 1505 1343 1552 nostro
1367 1490 1533 1551 communi
1559 1490 1590 1550 in
1615 1489 1662 1550 vi-

399 1604 529 1666 cinitate
555 1601 670 1662 stabuli
695 1619 752 1660 seu
776 1600 859 1659 otrei
887 1619 922 1659 ac
955 1613 1109 1660 terrarum
1135 1599 1306 1659 arabilium
1340 1597 1464 1678 providi
1490 1596 1549 1656 viri
1575 1595 1660 1658 Galli

400 1709 538 1785 sutoris,
553 1707 690 1769 senioris
714 1705 806 1786 jurati
831 1720 861 1766 et
894 1705 1035 1766 concivis
1066 1705 1164 1766 nostri
1199 1703 1254 1764 filii
1280 1703 1406 1763 Andree
1437 1703 1477 1763 de
1504 1702 1663 1786 owycza

399 1816 508 1892 sitam,
534 1814 565 1874 in
591 1810 795 1893 longitudine
812 1811 1013 1892 septuaginta
1031 1811 1175 1892 quinque
1205 1809 1332 1870 brachia
1351 1808 1463 1886 ferrea,
1488 1822 1518 1870 et
1543 1809 1574 1868 in
1593 1808 1662 1868 lati-

400 1923 511 1984 tudine
536 1920 672 2001 desuper
696 1939 714 1980 a
739 1931 828 1999 parte
857 1917 1049 1979 occidentali
1082 1917 1268 1998 incipiendo
1301 1937 1318 1976 a
1343 1917 1436 1998 plaga
1461 1916 1662 1996 septemtrio-

401 2029 465 2090 nali
490 2027 621 2107 triginta
646 2025 774 2086 brachia
800 2023 912 2101 ferrea,
938 2038 968 2084 et
992 2025 1031 2085 ab
1057 2024 1169 2085 eadem
1194 2037 1280 2103 parte
1305 2022 1559 2105 septemtrionali
1584 2019 1663 2082 infe·

400 2135 506 2195 riusa
531 2135 581 2193 via
606 2131 771 2192 communi
803 2133 843 2191 ab
875 2131 997 2191 oriente
1029 2130 1154 2208 habita,
1185 2149 1220 2190 ac
1250 2151 1266 2190 a
1299 2128 1418 2190 fossato
1449 2128 1596 2188 similiter
1631 2129 1663 2187 in

401 2240 571 2302 latitudine
595 2237 724 2318 triginta
750 2237 895 2316 quinque
920 2236 1049 2296 brachia
1074 2235 1174 2297 ferrea
1210 2236 1424 2296 mensurative
1450 2235 1481 2294 in
1506 2253 1539 2295 se
1563 2233 1663 2295 conti·

401 2361 541 2424 nentem,
572 2362 671 2423 seque
703 2341 967 2424 protendentem,
998 2361 1056 2420 pro
1089 2362 1147 2403 usu
1180 2361 1238 2402 suo
1271 2357 1301 2402 et
1333 2341 1487 2402 heredum
1526 2358 1658 2401 suorum

402 2453 507 2515 eidem
532 2451 676 2532 graciose
701 2449 821 2528 absque
842 2448 1008 2508 solucione
1033 2448 1204 2509 cuiuslibet
1221 2467 1333 2509 census
1359 2447 1457 2508 nostri
1482 2444 1665 2508 communis

403 2559 552 2621 dedimus
577 2571 608 2617 et
631 2554 828 2616 contulimus
852 2552 919 2634 jure
952 2567 1108 2635 perpetuo
1140 2554 1387 2636 possidendam,
1411 2553 1582 2614 tenendam
1609 2571 1663 2632 pa·

405 2666 481 2727 riter
505 2677 536 2724 et
560 2660 760 2736 habendam;
785 2659 835 2720 cui
866 2659 938 2720 data
971 2673 1017 2721 est
1041 2660 1132 2721 litera
1164 2673 1271 2722 nostre
1304 2659 1544 2722 communitatis
1567 2657 1663 2740 privi-

404 2770 540 2852 legialis.

510 2875 606 2948 Quod
638 2873 713 2955 quia
746 2871 795 2932 vir
826 2872 980 2954 providus
1012 2886 1042 2934 et
1074 2873 1227 2936 honestus
1259 2873 1427 2956 Philippus
1456 2885 1545 2934 sutor
1581 2869 1667 2931 filius

404 2983 577 3045 Stanltonis
602 2980 642 3041 de
666 2979 741 3040 villa
760 2977 1001 3056 Chwthkowcz,
1027 2981 1167 3041 concivis
1187 2995 1305 3060 noster,
1330 3000 1366 3042 ac
1391 2979 1524 3062 provida
1550 2979 1667 3039 mulier

404 3089 499 3150 Clara
524 3100 636 3148 vocata
661 3105 792 3146 consors
816 3085 960 3146 eiusdem
988 3085 1140 3168 Philippi,
1173 3087 1403 3171 wachychna
1435 3087 1529 3165 dicta,
1554 3085 1666 3146 vendi·

404 3194 520 3254 derunt
544 3192 706 3274 quandam
733 3192 859 3252 vineam
885 3191 1027 3272 ipsorum
1053 3193 1084 3254 in
1116 3193 1277 3255 territorio
1310 3207 1420 3254 nostro
1450 3213 1506 3254 seu
1531 3191 1668 3253 civitatis

406 3298 527 3381 prefate
555 3319 589 3360 ac
607 3299 688 3359 inter
713 3297 832 3375 vineas,
854 3300 893 3358 ab
911 3317 984 3376 una,
1009 3300 1263 3380 septemtrionali
1283 3313 1369 3382 parte
1395 3299 1524 3360 Thome
1548 3297 1665 3358 sutoris

406 3421 435 3467 et
460 3404 594 3487 provide
619 3405 762 3465 mulieris
780 3404 958 3486 Elyzabeth
977 3423 1087 3466 vocate
1106 3405 1228 3489 Glazya
1246 3407 1483 3488 cognominate,
1508 3404 1666 3466 consortis

406 3511 550 3572 eiusdem
577 3510 704 3571 Thome
731 3509 858 3588 sutoris,
889 3530 905 3570 a
937 3525 1025 3591 parte
1059 3532 1134 3572 vero
1168 3512 1370 3574 meridionali
1399 3512 1527 3573 Martini
1552 3509 1669 3571 sutoris

406 3617 629 3679 inhabitatoris
653 3617 736 3677 dicte
761 3615 898 3678 civitatis
922 3616 1062 3677 habitam
1089 3632 1120 3679 et
1141 3620 1339 3698 existentem,
1365 3637 1502 3679 unacum
1527 3615 1667 3696 virgulto

406 3726 512 3786 eidem
544 3724 720 3785 subiacenti
755 3743 790 3784 ac
821 3724 943 3784 cunctis
983 3725 1174 3786 utilitatibus
1207 3726 1367 3788 Clementi
1399 3724 1511 3785 sartori
1544 3722 1667 3784 concivi

406 3845 516 3893 nostro
540 3829 608 3892 filio
634 3830 758 3891 Nicolai
784 3830 823 3890 de
849 3829 1000 3908 Chasma,
1025 3851 1060 3891 ac
1085 3851 1141 3912 per
1166 3852 1239 3892 eum
1272 3833 1336 3893 suis
1361 3831 1532 3892 heredibus
1557 3828 1667 3889 vendi·

408 3938 526 3998 dissent
550 3937 617 4018 jure
642 3949 799 4018 perpetuo
817 3935 1055 4016 possidendam,
1080 3937 1253 3999 tenendam
1271 3938 1387 4019 pariter
1411 3951 1442 3998 et
1466 3935 1667 4010 habendam

408 4044 459 4104 cui
484 4043 556 4104 data
582 4057 628 4103 est
651 4042 742 4102 litera
767 4055 873 4102 nostre
898 4043 1137 4104 communitatis
1161 4044 1378 4126 privilegialis.

513 4149 610 4222 Quod
637 4147 711 4228 quia
735 4147 793 4207 viri
819 4146 944 4227 providi
964 4160 995 4209 et
1012 4148 1137 4211 honesti
1163 4150 1324 4211 lohannes
1341 4149 1533 4230 cingulator,
1557 4147 1665 4208 senior

408 4255 539 4336 juratus,
564 4267 594 4316 at
617 4254 729 4314 Petrus
755 4253 865 4313 Koncz
891 4253 1004 4332 dictus,
1021 4256 1161 4337 sellipar,
1190 4270 1376 4317 executores
1399 4255 1549 4316 videlicet
1573 4268 1667 4316 testa·

409 4361 507 4422 menti
533 4360 669 4421 condam
696 4359 794 4440 Jurgh
819 4360 935 4420 rasoris
951 4381 1131 4443 pannorum
1161 4376 1191 4423 et
1212 4363 1348 4424 condam
1375 4360 1574 4442 Margarethe
1594 4381 1668 4422 con·

407 4468 500 4528 sortis
525 4465 679 4543 eiusdem,
713 4465 942 4528 inhabitatores
974 4467 1057 4529 dicte
1090 4468 1243 4547 civitatis,
1278 4468 1493 4529 vendiderunt
1523 4467 1669 4542 domum,

409 4573 610 4654 fundumque
635 4585 665 4633 et
689 4571 836 4633 hedificia
861 4574 918 4634 viri
939 4574 1076 4635 condam
1098 4575 1223 4656 providi
1241 4574 1373 4656 Georgii
1399 4572 1565 4652 carnificis,
1590 4571 1668 4633 olim

409 4680 549 4741 concivis
573 4679 683 4756 nostri,
708 4676 766 4739 filii
792 4679 911 4741 Mathis
937 4680 1066 4762 Rosych
1084 4681 1160 4742 dicti
1186 4681 1225 4740 de
1250 4680 1400 4759 Chasma,
1426 4680 1457 4741 in
1484 4680 1567 4740 dicta
1593 4677 1669 4739 civi·

407 4797 471 4847 tate
496 4805 532 4846 ac
556 4785 638 4846 inter
661 4785 776 4845 domos
808 4799 839 4848 et
871 4783 999 4863 fundos,
1032 4789 1071 4848 ab
1104 4808 1178 4863 una,
1212 4786 1391 4848 Clementis
1418 4787 1557 4864 sartoris,
1582 4798 1669 4866 parte

409 4911 485 4952 vero
510 4890 562 4972 (ab
595 4889 705 4972 altera)
739 4892 883 4974 Dyonisii
917 4892 1085 4976 Zernchyn
1118 4893 1193 4954 dicti
1225 4892 1372 4953 similiter
1404 4892 1586 4954 concivium
1612 4909 1669 4951 no·

412 5011 549 5058 strorum
577 4997 718 5060 habitam
744 5013 774 5058 et
792 4999 992 5078 existentem,
1015 5000 1155 5062 mediam
1174 5000 1293 5061 curiam
1312 5000 1351 5060 ad
1370 5019 1462 5061 usum
1488 4992 1571 5062 dicte
1595 4997 1670 5060 civi·
