3810 5806
639 1597 767 1698 (Anno
794 1597 951 1686 Domini
978 1595 1373 1698 MOCOGLXXXXH.)

549 1871 642 1946 Feria
672 1881 796 1963 quarta
826 1876 859 1944 in
890 1873 1326 1963 prolesto‘Pnrificacionis
1358 1875 1471 1945 llario.

889 2040 930 2104 (1.
961 2029 1132 2106 februario).

483 2166 560 2230 Item
586 2167 693 2229 relicta
711 2167 848 2229 condam
868 2168 1022 2251 Stephani
1041 2159 1204 2250 armipaii,
1223 2169 1322 2231 Lucia
1339 2169 1471 2230 nomine
1489 2168 1529 2230 de
1549 2168 1642 2230 Polo·

376 2273 473 2352 swrit,
497 2293 582 2334 nunc
606 2293 683 2335 vero
708 2294 840 2336 consors
865 2275 1021 2356 legittima
1047 2276 1174 2357 providi
1199 2276 1256 2336 viri
1284 2276 1367 2337 Petri
1394 2277 1432 2336 de
1459 2275 1643 2353 Sthubicza,

377 2393 407 2441 et
429 2380 603 2441 Katherina
627 2379 692 2441 filia
716 2381 791 2442 dicti
817 2381 971 2464 Stephani
996 2382 1158 2464 armipari,
1196 2397 1394 2443 assumentes
1417 2382 1515 2444 iidem
1541 2382 1641 2444 eciam

377 2505 474 2548 omne
498 2505 580 2548 onus
605 2502 635 2548 et
658 2507 832 2568 gravamen
859 2488 973 2549 Vrsule
997 2489 1116 2550 sororis
1143 2508 1199 2550 sue
1224 2489 1381 2568 legittime
1405 2487 1470 2549 filie
1495 2487 1644 2550 similiter

377 2593 489 2676 prelati
516 2594 680 2676 Stephani,
714 2595 877 2676 quandam
910 2595 1045 2656 domum
1078 2596 1219 2678 ipsarum
1256 2607 1413 2656 muratam
1446 2595 1543 2656 simul
1569 2614 1641 2656 curn

377 2697 479 2761 fundo
504 2714 535 2762 et
560 2699 717 2762 hedificiis
739 2715 805 2762 tarn
830 2701 949 2784 lapidei
980 2719 1076 2782 quam
1101 2701 1200 2781 lignei
1232 2701 1340 2783 operis
1364 2701 1444 2762 inibi
1469 2701 1586 2762 habitis
1612 2715 1644 2763 et

377 2807 566 2868 constructis
590 2807 622 2867 in
648 2807 731 2867 dicta
755 2807 883 2868 civitate
915 2807 998 2869 inter
1029 2807 1163 2868 domum
1197 2807 1336 2887 ligneam
1369 2820 1400 2868 et
1425 2805 1562 2868 fundum
1589 2806 1642 2868 he·

377 2913 490 2975 redum
514 2933 570 2974 seu
595 2932 814 2975 successorum
832 2913 969 2974 condam
988 2913 1155 2994 prudentis
1180 2927 1211 2975 et
1227 2913 1352 2974 honesti
1378 2913 1540 2974 Valentini
1564 2913 1642 2974 olim

377 3019 491 3101 judicis
516 3034 546 3081 et
571 3020 713 3081 concivis
738 3019 836 3082 nostri
857 3019 932 3080 dicti
957 3019 1134 3102 Saronych,
1159 3021 1198 3080 ab
1218 3040 1289 3097 una,
1308 3019 1458 3081 videlicet
1481 3027 1521 3081 ab
1538 3020 1643 3081 orien-

377 3127 432 3188 tali
457 3142 557 3209 parte,
583 3141 614 3188 et
639 3127 720 3187 inter
745 3125 910 3207 quoddam
936 3124 1071 3188 fundum
1106 3147 1243 3187 vacuum
1269 3141 1299 3186 ct
1324 3126 1485 3187 desertum
1511 3146 1643 3187 veneta-

378 3232 451 3294 bilis
475 3233 613 3294 condam
640 3233 764 3293 domini
790 3232 919 3294 Thomc
940 3233 1092 3314 prepositi
1120 3231 1375 3313 Glogonczensis
1399 3233 1478 3293 olim
1503 3232 1644 3294 concivis

379 3341 490 3418 nostri,
515 3342 554 3401 ab
580 3340 691 3417 altera,
716 3339 866 3400 videlicet
899 3341 939 3400 ab
971 3339 1162 3400 occidentali
1196 3353 1284 3420 parte
1318 3340 1421 3415 sitam,
1447 3339 1587 3400 habitam
1613 3351 1644 3399 et

379 3447 579 3524 existentem,
611 3465 709 3506 unam
742 3446 898 3526 integram
931 3446 1051 3506 curiam
1084 3445 1124 3506 ad
1158 3465 1249 3506 usum
1285 3446 1367 3506 dicte
1393 3446 1529 3508 civitatis
1554 3445 1643 3506 inse

379 3553 609 3630 continentem,
636 3551 811 3614 benedicto
836 3551 927 3613 fabro
961 3551 1084 3612 concivi
1118 3565 1227 3613 nostro
1260 3571 1318 3634 pro
1343 3552 1456 3632 viginti
1482 3551 1550 3612 ilor.
1575 3551 1642 3611 auri

377 3659 523 3720 vendidit
546 3673 577 3721 et
600 3659 737 3721 contulit
761 3657 827 3737 jure
852 3671 1008 3741 perpetuo
1033 3672 1064 3720 et
1085 3659 1337 3720 irrevocabiliter
1354 3658 1594 3740 possidendam,
1612 3671 1644 3718 et

379 3765 551 3847 superinde
577 3779 624 3826 est
646 3763 706 3826 sibi
732 3763 822 3825 litera
847 3765 906 3824 sub
931 3764 1083 3845 pendenti
1102 3763 1208 3845 sigillo
1226 3763 1466 3825 communitatis
1483 3775 1641 3824 emanata.

486 3872 586 3945 Quod
602 3873 678 3953 quia
695 3871 743 3932 vir
767 3871 921 3952 providus
939 3871 1145 3933 Sebastianus
1161 3871 1201 3932 de
1219 3871 1361 3946 Nandor,
1378 3871 1520 3931 concivis
1537 3883 1644 3931 noster

379 3978 526 4041 vendidit
550 3979 713 4060 quandam
739 3978 873 4039 domum
898 3998 987 4038 suurn
1021 3978 1183 4059 lapideam
1215 3977 1311 4038 simul
1345 3997 1416 4038 cum
1453 3975 1586 4038 edificiis
1611 3976 1642 4036 in

380 4085 462 4148 dicta
488 4085 615 4146 civitate
641 4085 723 4146 inter
747 4084 880 4145 domum
906 4084 1045 4163 ligneam
1070 4105 1126 4144 seu
1152 4083 1287 4145 fundum
1313 4083 1468 4145 heredum
1493 4102 1549 4145 seu
1573 4103 1643 4144 suc·

380 4211 541 4253 cessurum
567 4192 705 4252 condam
739 4190 891 4271 Stephani
925 4191 1039 4251 literati
1075 4191 1302 4273 Tholmanych
1337 4191 1423 4268 dicti,
1448 4211 1464 4252 a
1491 4190 1642 4251 meridio-

380 4297 444 4359 nali
469 4313 568 4380 parte,
593 4311 624 4359 et
649 4298 730 4358 inter
754 4297 888 4358 domurn
915 4297 1075 4377 lapideam
1101 4299 1249 4359 similiter
1272 4317 1492 4359 successorum
1517 4317 1572 4359 seu
1590 4296 1642 4357 he-

380 4405 493 4466 redum
519 4405 655 4465 condam
683 4403 832 4483 Gregorii
858 4402 1005 4485 pellificis
1024 4403 1216 4464 Wrabchicz
1234 4389 1322 4482 dicti,
1348 4425 1364 4466 a
1389 4403 1642 4486 septemtrionali

380 4527 479 4594 parte,
504 4511 582 4572 olim
608 4511 791 4573 concivium
818 4523 1012 4584 nostrorum,
1038 4530 1074 4571 ex
1108 4510 1259 4592 opposito
1292 4529 1368 4572 vero
1392 4509 1487 4573 turris
1512 4509 1642 4570 ecclesie

381 4633 486 4679 nostre
511 4617 703 4698 parochialis
727 4617 826 4677 sancti
853 4618 951 4677 Marci
983 4617 1188 4697 ewangeliste
1223 4616 1364 4678 habitam
1390 4631 1420 4678 et
1445 4617 1644 4693 existentem,

380 4743 478 4786 unam
505 4725 536 4783 in
569 4737 639 4784 toto
672 4723 792 4783 curiam
826 4723 865 4782 ad
899 4742 990 4783 usum
1024 4723 1106 4783 dicte
1138 4723 1275 4784 civitatis
1299 4723 1331 4784 in
1356 4743 1389 4784 se
1414 4723 1643 4796 continentem,

381 4830 532 4893 Michaeli
557 4828 768 4914 Opprasnych
794 4849 829 4890 ac
855 4808 910 4909 pe'r
942 4848 1016 4890 eum
1049 4829 1113 4889 suis
1137 4828 1309 4891 heredibus
1342 4849 1400 4910 pro
1432 4828 1644 4910 quadraginta

381 4937 450 5001 flor.
476 4936 672 4998 vendidisset
696 4935 763 5017 jure
789 4949 944 5017 perpetuo
975 4949 1005 4998 et
1038 4935 1288 4998 irrevocabiliter
1320 4934 1568 5017 possidendam
1592 4932 1643 4994 cui

382 5043 456 5106 data
480 5055 526 5105 est
550 5041 641 5106 litera
666 5041 884 5126 privilegialis.
