3804 5798
390 557 453 619 204
936 543 1117 604 Inventam.

495 751 648 832 Quinque
673 751 806 812 scutelle
830 751 982 833 plumbee
1007 773 1113 835 parve,
1138 774 1200 835 que
1227 752 1357 816 fuerunt
1381 755 1519 817 condem
1545 755 1648 818 fratris

388 855 510 918 Jacobi.

770 999 847 1060 Res
872 1014 910 1061 et
934 1001 1042 1062 bone
1067 1002 1266 1064 ecclesie.

494 1158 621 1220 Calices
644 1179 716 1220 cum
743 1160 866 1240 patenis
890 1173 973 1224 octo.

493 1265 563 1330 Due
578 1284 686 1326 cruces
700 1279 862 1348 argentee,
873 1266 1035 1346 deaurare,
1045 1281 1076 1328 et
1084 1268 1181 1329 tercia
1195 1287 1310 1350 cuprea
1325 1268 1473 1330 similiter
1490 1267 1648 1330 deaurata.

492 1370 563 1432 Due
587 1392 681 1453 parve
715 1392 823 1434 cruces
857 1387 1005 1454 argentee
1038 1387 1069 1435 et
1103 1374 1265 1453 desmate,
1290 1387 1321 1436 et
1353 1393 1436 1435 unus
1461 1379 1573 1454 Agnus
1597 1373 1647 1435 dei

387 1478 535 1540 similiter
559 1491 729 1560 argenteus
753 1493 783 1540 et
807 1479 989 1558 deauratus,
1028 1481 1084 1562 qui
1108 1479 1169 1542 fuit
1193 1480 1331 1542 condam
1356 1479 1461 1542 fratris
1485 1480 1605 1543 Jacobi.

493 1584 684 1668 Corporalia
709 1586 820 1647 decem
847 1601 878 1648 et
902 1601 986 1648 octo.

454 1766 458 1775 Ι
492 1693 584 1755 Unus
614 1705 745 1755 ornatus
775 1697 893 1755 rubeus
924 1694 963 1755 de
995 1697 1141 1756 kamwka
1179 1695 1353 1756 veneciana
1385 1713 1458 1756 cum
1492 1694 1645 1756 omnibus

385 1799 600 1882 pertinenciis.

492 1905 659 1967 Secundus
684 1920 813 1968 ornatus
845 1908 937 1968 albus
970 1909 1008 1968 de
1041 1909 1190 1986 kamuka,
1215 1907 1357 1988 integer,
1390 1927 1462 1968 cum
1496 1910 1647 1971 omnibus

386 2013 602 2094 pertinenciis.

491 2119 627 2181 Tercius
665 2135 796 2182 ornatus
835 2140 907 2181 cum
948 2141 1040 2183 cruce
1080 2123 1184 2184 crocei
1224 2119 1360 2198 coloris,
1392 2139 1464 2182 cum
1496 2124 1647 2185 omnibus

386 2226 601 2307 pertinenciis.

490 2333 631 2407 Quartus
647 2348 777 2396 ornatus
794 2334 833 2395 de
850 2333 1029 2396 chemeleto
1047 2335 1149 2416 nigro,
1167 2354 1240 2396 cum
1258 2337 1411 2398 omnibus
1427 2336 1642 2419 pertinenciis.

491 2440 632 2513 Quintus
649 2454 780 2502 ornatus
797 2441 836 2502 de
854 2441 993 2522 simplici
1011 2443 1160 2520 kamuka,
1177 2461 1249 2503 cum
1260 2441 1413 2504 omnibus
1430 2443 1645 2524 pertinenciis.

488 2545 601 2608 Sextus
625 2561 756 2609 ornatus
780 2546 874 2608 viridi
899 2548 1027 2626 coloris,
1052 2549 1198 2630 simplex,
1223 2550 1356 2630 integer.

489 2653 566 2714 ltem
591 2655 745 2736 septimus
769 2669 899 2716 ornatus
924 2657 1041 2716 rubeus
1066 2655 1105 2716 de
1130 2654 1368 2734 Rothkamuka,
1392 2655 1526 2738 integer.

488 2759 629 2822 Octavus
653 2773 784 2822 ornatus
808 2759 847 2822 de
873 2761 965 2842 nigro
991 2761 1111 2840 veluto,
1136 2761 1298 2844 antiquus.

488 2868 601 2929 Nonus
625 2881 757 2930 ornatus
780 2867 819 2928 de
844 2867 916 2929 alba
946 2868 1009 2929 tela

489 2973 640 3036 Decimus
663 2987 794 3036 ornatus
817 2975 932 3057 partim
958 2974 1053 3036 viridi
1077 2975 1192 3056 partim
1217 2975 1321 3036 crocei
1344 2975 1474 3055 coloris,
1499 2989 1600 3040 vetus.

488 3083 687 3146 Undecimus
711 3096 842 3145 ornatus
867 3082 984 3143 diversi
1008 3082 1134 3146 coloris.

490 3187 709 3251 Duodecimus
734 3204 863 3252 ornatus
888 3191 1006 3251 rubeus
1030 3203 1060 3251 et
1085 3203 1184 3252 vetus.

489 3294 700 3357 Tredecimus
725 3309 856 3357 ornatus
869 3297 907 3357 de
925 3294 1104 3358 chemeleth
1128 3295 1222 3357 viridi
1247 3297 1375 3361 coloris.

489 3402 560 3464 Una
586 3402 755 3464 dalmatica
780 3403 927 3486 simplex.

488 3508 566 3570 ltem
590 3510 697 3571 casule
722 3523 873 3592 quattuor
896 3511 965 3571 sine
989 3510 1060 3571 aliis
1084 3510 1300 3592 pertinenciis.

488 3615 559 3677 Una
586 3636 685 3698 cappa
710 3617 785 3677 satis
808 3617 953 3698 simplex.

485 3723 577 3785 Unus
601 3736 733 3785 ornatus
756 3723 795 3784 de
820 3724 979 3806 czyudato
1004 3725 1122 3785 rubeus
1147 3737 1178 3786 et
1203 3743 1315 3786 novus.

487 3829 655 3892 Secundus
679 3843 809 3891 ornatus
833 3829 872 3890 de
897 3829 983 3891 thela
1007 3831 1109 3892 serico
1135 3843 1230 3908 texta,
1255 3849 1369 3894 novus.

486 3936 622 3998 Tercius
645 3950 776 3998 ornatus
800 3937 903 3998 crocei
928 3937 1045 3999 coloris
1070 3937 1109 3998 de
1134 3936 1374 4015 Rothkamuka,
1399 3953 1511 3998 novus.

487 4042 629 4115 Quartus
652 4057 784 4104 ornatus
808 4044 847 4104 de
873 4043 963 4124 nigra
987 4043 1060 4122 tela,
1085 4063 1198 4107 novus.

488 4149 722 4232 Superpellicia
747 4150 822 4229 duo,
848 4169 942 4226 nova,
967 4164 998 4212 et
1021 4151 1156 4212 tercium
1180 4163 1280 4213 vetus.

486 4255 564 4317 ltem
589 4257 802 4318 monstrancia
827 4277 943 4338 cuprea
977 4277 1051 4336 una,
1084 4277 1156 4319 cum
1188 4258 1317 4319 duobus
1340 4260 1452 4339 Agnus
1476 4255 1528 4319 dei
1552 4255 1641 4316 simi-

379 4362 451 4425 liter
475 4363 609 4444 cupreis.

486 4487 741 4560 Quatuordecim
766 4488 957 4550 candelabra
983 4508 1111 4572 cuprea,
1137 4490 1220 4550 bone
1246 4487 1442 4570 quantitatis,
1467 4505 1561 4548 nova.

486 4593 546 4654 Sex
571 4594 762 4655 candelabra
787 4614 904 4676 cuprea
928 4595 1070 4676 antiqua.

488 4700 641 4782 Quinque
666 4717 853 4763 ornamenta
872 4702 989 4781 altaris,
1007 4703 1115 4764 omnia
1134 4723 1227 4780 nova,
1245 4703 1339 4764 unius
1362 4713 1486 4764 tantum
1512 4701 1640 4763 coloris.

487 4806 559 4867 Duo
583 4823 773 4869 ornamenta
797 4809 905 4870 altaris
930 4808 968 4869 de
993 4811 1056 4870 tela
1085 4809 1187 4870 serico
1212 4810 1340 4873 intexta.

485 4912 595 4974 Unum
628 4929 853 4990 ornamentum
887 4915 994 4976 altaris
1025 4915 1119 4976 viridi
1152 4929 1183 4976 et
1216 4915 1306 4976 rubei
1339 4914 1456 4977 coloris
1488 4913 1639 4975 adaram

380 5031 485 5079 sancte
511 5018 633 5084 Crucis.
