3804 5798
919 491 1103 552 Inventam.

493 704 641 778 Quatuor
665 716 792 766 cantara
817 703 982 786 plumbea.

493 811 641 886 Quatuor
666 811 822 892 bwkalya.

492 917 570 978 ltem
596 916 740 999 quinque
765 916 852 978 dolia
877 917 959 979 circa
983 917 1111 978 vineam
1136 916 1236 998 ipsius
1260 916 1414 980 Abbacie.

492 1024 571 1086 Item
595 1043 668 1086 vasa
693 1042 793 1085 vacua
818 1036 903 1086 octo.

494 1131 573 1193 Tria
597 1129 777 1213 pulvinaria
802 1150 861 1213 pro
886 1149 946 1192 usu
970 1127 1105 1194 familie.

493 1238 653 1312 Quattuor
677 1238 795 1300 cussini
819 1237 859 1300 de
884 1237 983 1302 corio.

492 1345 655 1420 Quattuor
679 1345 835 1407 mensalia
859 1344 1035 1407 mediocria
1067 1364 1139 1407 cum
1165 1357 1318 1427 quattuor
1351 1343 1559 1425 manutergiis
1583 1362 1648 1405 me·

386 1453 560 1516 diocribus.

493 1560 664 1642 Scampma
688 1577 745 1620 seu
768 1559 881 1620 sedilis
907 1559 987 1621 circa
1014 1578 1159 1622 mensam
1183 1570 1267 1623 octo.

494 1666 690 1741 Quindecim
713 1665 901 1728 therebella.

491 1772 568 1833 ltem
593 1771 680 1834 furce
705 1771 806 1834 lerree
834 1771 907 1835 due.

492 1878 608 1941 Ferrea
632 1893 732 1941 rostra
758 1879 833 1940 duo.

492 1984 612 2047 Patella
637 1986 710 2049 due.

493 2091 633 2154 Scutelle
658 2093 810 2175 plumbee
834 2112 888 2153 sex
912 2092 1059 2156 maiores.

493 2198 647 2280 Quinque
671 2198 800 2260 salseria
825 2217 920 2262 nova.

392 2381 395 2388 Ι
493 2305 608 2388 Cuppe
632 2306 672 2368 de
696 2305 838 2368 cristallo
865 2321 944 2368 sex.'

494 2412 571 2474 Item
597 2413 676 2474 vitra
702 2432 818 2494 magna
842 2413 949 2475 stricta
973 2432 1037 2476 sex.

494 2518 603 2581 Unum
627 2519 776 2601 pulvinar
801 2538 953 2600 magnum
979 2519 1018 2580 de
1043 2503 1163 2581 chorio'.

493 2624 603 2687 Unum
628 2625 802 2688 linteamen
826 2641 911 2687 sator
936 2625 1046 2708 (sator)
1071 2625 1203 2688 dictum.

494 2733 623 2816 Septem
649 2734 732 2796 recia
758 2753 816 2817 pro
840 2733 1005 2816 capiendis
1033 2732 1108 2795 leris
1132 2751 1225 2795 nova.

494 2839 564 2900 Due
592 2860 699 2902 naves.

492 2946 563 3008 Due
586 2947 671 3009 scale
695 2967 811 3029 magne
835 2961 866 3008 et
892 2967 985 3012 nove.

492 3052 571 3114 ltem
596 3053 658 3114 due
682 3053 775 3115 flasce
801 3052 902 3115 ferree
927 3073 1053 3134 magne,
1077 3073 1160 3115 nove
1185 3066 1216 3115 et
1240 3054 1335 3114 bone.

388 3319 468 3379 Res
492 3319 677 3381 ecclesie
702 3319 846 3400 legate
881 3339 950 3400 per
982 3317 1194 3400 prelatum
1227 3318 1402 3380 condam
1435 3316 1647 3378 dominum

389 3423 1647 3508 StephanumepiscopumRosoniensemeidemreverendo

389 3532 566 3594 domino
602 3533 768 3594 Andree
801 3532 1002 3615 episcopo
1034 3551 1106 3614 per
1146 3545 1396 3593 executores
1426 3530 1649 3612 predictos

897 3651 1153 3722 presentare.

493 3800 570 3862 ltem
597 3821 660 3862 una
685 3801 815 3863 culcitra
839 3798 879 3861 ad
903 3817 991 3860 aram
1015 3811 1122 3859 sancte
1147 3797 1260 3859 Crucis
1287 3816 1346 3880 pro
1372 3816 1498 3880 mappa.

493 3908 602 3971 Unum
627 3908 794 3990 thapetum
820 3925 972 3988 magnum
998 3920 1028 3968 et
1052 3924 1184 3968 novum.

493 4015 566 4077 Una
591 4016 685 4077 vestis
710 4014 882 4076 chemelith
906 4033 964 4096 pro
989 4027 1104 4074 ornatu
1132 4010 1331 4075 sacerdotali.

493 4121 585 4184 Unus
609 4123 753 4184 cussinus
776 4121 816 4182 de
840 4121 973 4204 kyttelet
997 4120 1036 4181 ad
1062 4138 1160 4180 aram.

495 4229 567 4290 Duo
592 4230 709 4291 cussini
734 4229 773 4290 ad
798 4223 944 4310 aquas(?)
970 4228 1049 4288 rosis
1073 4226 1197 4308 repleti.

493 4335 571 4396 ltem
597 4335 661 4397 duo
687 4335 805 4397 cussini
830 4335 868 4395 de
894 4332 1086 4395 chemelleth
1120 4332 1237 4394 coloris
1260 4331 1355 4394 viridi
1380 4333 1421 4394 ad
1444 4351 1542 4396 aram.

494 4442 567 4502 Duo
592 4442 686 4524 pepla

493 4548 566 4611 Una
592 4548 736 4610 custodia
762 4547 871 4629 pulcre
897 4546 1021 4628 depicta
1046 4545 1086 4606 ad
1111 4546 1288 4628 corporale.

496 4654 606 4717 Unum
631 4655 764 4737 peplum
788 4667 909 4714 textum
935 4653 1017 4714 circa
1040 4651 1138 4714 finem
1164 4671 1236 4714 cum
1261 4672 1351 4718 auro.

495 4761 600 4824 Unam
626 4763 737 4823 cistam
762 4759 910 4822 ferratam
935 4775 966 4820 et
990 4761 1108 4820 bonam
1134 4759 1174 4819 ad
1198 4759 1384 4822 sacristiam.

493 4869 601 4929 Aliam
626 4869 736 4930 cistam
761 4868 907 4930 similiter
935 4865 1083 4929 ferratam
1108 4865 1149 4926 ad
1173 4865 1349 4932 ecclesiam.

494 4976 649 5040 Corthine
682 4977 756 5042 due.
