3804 5798
428 517 493 576 216
961 510 1148 572 Inventarr'a.

532 725 611 786 Item
635 737 748 806 quarta
773 741 890 804 mappa
913 723 1022 784 altaris
1046 722 1086 783 de
1110 722 1200 800 nigra
1224 723 1288 783 tels
1312 741 1386 783 cum
1410 723 1545 784 mensali
1571 723 1611 783 de
1627 722 1689 784 tels

425 832 613 892 domestica.

531 936 609 999 Item
635 952 737 996 unum
760 933 979 1016 copertorium
1003 933 1112 995 altaris
1140 932 1180 995 de
1213 933 1305 1015 nIgra
1329 933 1404 1014 tela,
1429 933 1519 1014 quod
1543 934 1691 994 sternitur

424 1063 520 1125 super
545 1059 689 1104 mensam
714 1039 822 1102 alteris
845 1053 977 1122 propter
1009 1040 1172 1123 pulveres,
1196 1039 1285 1121 quod
1309 1053 1356 1100 est
1379 1039 1586 1121 tripartitum.

529 1147 607 1209 Item
632 1146 699 1208 duo
723 1145 878 1208 mensalia
895 1145 1005 1208 altaris
1028 1144 1111 1209 facta
1132 1145 1172 1207 de
1190 1146 1400 1227 manutergiis
1423 1146 1527 1208 serico
1552 1145 1690 1224 intextis,

423 1253 556 1336 pulchra
581 1265 613 1315 et
635 1252 711 1314 satis
735 1271 829 1314 nova.

530 1360 608 1422 Item
631 1358 767 1421 tercium
792 1359 934 1420 mensale
958 1358 1107 1421 similiter
1123 1359 1163 1420 de
1190 1359 1402 1440 manutergiis
1425 1359 1528 1421 serico
1552 1359 1688 1437 iutextis,

423 1466 587 1531 usitatum.

463 1587 465 1592 ·
528 1571 606 1634 Item
631 1571 697 1634 duo
722 1572 914 1634 candelabra
939 1590 1022 1632 nove
1048 1585 1080 1633 et
1104 1589 1222 1652 magna
1247 1569 1288 1633 de
1310 1589 1420 1653 cupro.

529 1677 606 1740 Item
630 1698 713 1740 unus
737 1679 889 1740 cussiuus
915 1678 971 1759 qui
996 1677 1128 1759 ponitur
1151 1678 1211 1738 sub
1229 1677 1350 1738 missali
1375 1676 1507 1759 quando
1531 1677 1626 1738 misse
1642 1677 1687 1737 di·

422 1783 513 1862 citur,
538 1784 576 1845 de
602 1785 716 1866 pennis
739 1803 814 1846 cum
838 1783 1020 1865 copertorio
1045 1783 1147 1844 serico
1172 1781 1307 1848 intext0.

528 1889 606 1952 Item
638 1888 798 1952 secundus
830 1889 975 1951 cussinus
1008 1887 1049 1950 ad
1090 1886 1227 1950 eandem
1260 1889 1483 1952 necessitatem
1516 1887 1619 1950 fectus
1650 1887 1687 1949 de

423 1996 588 2080 particulis
612 1997 710 2078 panni
735 1995 851 2057 diversi
876 1995 994 2057 coloris
1018 1995 1058 2058 ad
1083 1995 1218 2056 modum
1242 1995 1327 2058 sach.
1354 1995 1446 2078 (seh).

526 2101 604 2166 Item
617 2102 683 2164 duo
699 2102 822 2183 tapecia
834 2102 909 2164 satis
922 2103 1018 2181 bona,
1032 2121 1134 2163 unum
1157 2101 1198 2163 ud
1215 2101 1332 2185 pedem
1350 2103 1457 2164 altaris
1473 2102 1535 2164 hoc
1559 2116 1606 2165 est
1623 2104 1681 2164 sub

421 2207 559 2291 pedibus
576 2208 766 2271 celebrantis
779 2207 893 2270 diebus
905 2207 1111 2286 solennibus,
1124 2207 1303 2270 secundum
1327 2208 1369 2270 ad
1393 2207 1561 2270 flexorium
1586 2209 1678 2273 stalli.

527 2313 604 2375 Item
629 2313 759 2376 stallum
791 2333 913 2375 novum
945 2314 1068 2375 bonum
1100 2313 1141 2374 ad
1170 2327 1233 2375 tres
1256 2333 1421 2396 personas,
1453 2333 1526 2376 cum
1558 2315 1681 2376 ciborio

421 2420 567 2503 pulchro,
592 2420 682 2482 culus
706 2419 875 2482 flexorium
894 2419 1042 2482 extractis
1059 2418 1188 2482 duobus
1204 2420 1370 2482 claviculis
1393 2440 1411 2482 a
1435 2421 1590 2503 partibus,
1608 2421 1679 2482 hinc

421 2541 453 2590 et
475 2527 550 2589 hinc
574 2540 720 2609 tempore
736 2526 901 2610 sepulture
918 2525 1093 2588 extrahitur
1117 2540 1148 2588 et
1169 2527 1252 2609 lapis
1268 2527 1428 2610 sepulchri
1453 2527 1606 2606 elevatur,
1624 2547 1682 2589 nec

422 2647 470 2696 est
501 2654 630 2696 necesse
662 2633 803 2715 aliquem
836 2653 874 2694 ex
906 2633 1070 2696 claviculis
1094 2653 1150 2695 seu
1179 2634 1338 2696 asseribus
1368 2635 1452 2696 stalli
1477 2635 1528 2697 vel
1559 2633 1680 2697 flexorii

422 2740 490 2802 eius
514 2761 531 2802 a
556 2741 629 2802 loco
653 2759 712 2801 suo
736 2753 895 2804 excutere.

526 2846 605 2909 Item
629 2846 661 2908 in
693 2845 847 2908 lateribus
878 2845 962 2907 stelli
994 2857 1068 2906 sunt
1099 2845 1237 2906 armeris
1266 2866 1284 2908 a
1316 2845 1435 2908 dextris
1459 2846 1525 2910 duo
1549 2862 1580 2910 et
1602 2869 1620 2910 a
1643 2847 1681 2910 si-

420 2953 527 3016 nistris
551 2952 635 3031 duo;
661 2952 840 3034 exquibus
865 2952 930 3014 duo
962 2952 1141 3034 occupabat
1172 2964 1277 3014 rector
1308 2973 1360 3014 are
1384 2967 1492 3017 sancte
1517 2954 1682 3017 TrInitatis

420 3073 452 3123 et
476 3060 601 3142 reliqua
626 3059 692 3122 duo
716 3072 820 3122 rector
853 3059 1040 3123 missarum:
1075 3059 1195 3121 »sancti
1230 3057 1379 3141 Gregorii
1403 3075 1434 3123 et
1458 3061 1680 3141 Humiliavitc,

421 3187 495 3230 cum
519 3167 677 3229 clausuris
701 3167 805 3229 bonis.

525 3271 606 3334 Item
630 3272 727 3334 habet
750 3292 804 3334 ara
827 3292 929 3334 unum
954 3273 1085 3335 calicem
1110 3288 1298 3356 argenteum
1323 3273 1523 3338 deauratum.

525 3377 604 3440 Item
627 3377 688 3440 tria
712 3378 904 3460 corporalia,
922 3397 1022 3439 unum
1043 3378 1203 3461 optimum
1221 3397 1354 3459 novum,
1378 3379 1557 3444 secundum
1586 3393 1674 3462 quot·

419 3485 592 3564 tidianum‚
616 3485 750 3546 tercium
775 3485 939 3548 usitatum.

525 3590 603 3652 Item
628 3589 724 3652 habet
746 3590 825 3651 dues
856 3589 1015 3673 ampullas
1047 3609 1105 3672 pro
1138 3590 1215 3652 virro
1243 3603 1275 3652 et
1305 3610 1389 3672 aqua
1413 3591 1452 3654 sd
1477 3589 1678 3669 sacrificium,

419 3711 595 3779 argenteas,
619 3697 653 3759 iu
677 3697 842 3780 particulis
865 3697 998 3759 elevatis
1026 3711 1058 3760 et
1082 3697 1237 3759 clausuris
1269 3711 1300 3759 et
1325 3698 1420 3760 certis
1443 3698 1514 3760 eliis
1536 3699 1678 3781 partibus

419 3804 597 3884 deauratas,
621 3802 847 3886 ponderantes.

525 3910 605 3972 Item
630 3909 727 3972 habet
750 3930 851 3972 unum
876 3922 1025 3972 ornatum
1044 3909 1084 3971 de
1108 3911 1245 3973 kamolca
1261 3911 1435 3973 veneciana
1451 3911 1523 3972 albe
1547 3911 1677 3993 pulchra

419 4037 492 4080 cum
516 4016 650 4078 floribus
681 4017 786 4079 aureis
818 4016 972 4099 pulchris,
1004 4029 1036 4077 et
1068 4035 1160 4077 cruce
1191 4037 1227 4078 ec
1259 4017 1416 4080 humerali
1440 4017 1479 4078 de
1503 4017 1600 4078 simili
1626 4019 1672 4078 lra-

418 4124 525 4202 moka,
549 4142 622 4184 cum
651 4122 786 4205 pulchro
818 4122 897 4185 flore
929 4143 1027 4185 aureo
1060 4135 1158 4202 textu,
1189 4123 1390 4186 circumdato
1422 4121 1547 4185 fimbria
1571 4142 1675 4202 aurea,

418 4249 491 4292 cum
515 4230 608 4308 stola,
632 4230 800 4312 manipulo
824 4244 855 4292 et
879 4230 1010 4311 cingulo
1035 4250 1071 4292 ec
1104 4229 1178 4292 alba
1203 4230 1243 4291 de
1266 4230 1403 4293 sindone
1427 4249 1522 4310 nova,
1547 4229 1602 4310 qui
1626 4249 1674 4291 ot·

417 4349 510 4398 ustus
534 4336 710 4398 subductus
733 4349 780 4398 est
802 4355 876 4399 curu
900 4339 998 4399 rubea
1022 4337 1086 4398 tela
1111 4337 1245 4418 optIma.

523 4441 602 4504 Item
625 4441 721 4504 habet
743 4443 921 4504 secundum
947 4456 1096 4504 ornatum
1121 4442 1161 4505 de
1190 4461 1331 4525 purpure
1354 4444 1453 4504 rubea
1471 4442 1520 4504 bis
1543 4443 1673 4520 elevata,

416 4567 491 4610 cum
515 4548 657 4630 pulchris
688 4548 821 4610 floribus
852 4567 931 4610 auro
962 4548 1039 4610 satis
1071 4548 1295 4610 habundanter
1325 4549 1464 4628 iutextis,
1488 4568 1560 4610 cum
1589 4549 1671 4610 simi-

416 4654 502 4716 libus
524 4653 692 4734 humereli,
716 4655 797 4716 stola
822 4669 852 4716 et
875 4653 1043 4738 manipulo
1068 4675 1104 4717 ac
1127 4655 1200 4716 eliis
1223 4655 1418 4716 necessariis.

522 4759 599 4822 Item
626 4761 722 4823 habet
744 4762 878 4823 tercium
904 4777 1064 4842 ornatum,
1082 4762 1262 4843 duplatum,
1286 4764 1325 4824 sb
1343 4781 1406 4823 una
1423 4760 1573 4824 videlicet
1588 4774 1672 4844 parte

417 4865 456 4927 de
481 4867 571 4948 nigra
596 4868 658 4929 tela
684 4880 715 4929 et
737 4869 778 4930 ab
811 4868 908 4930 altera
941 4881 1031 4951 parte
1056 4868 1095 4928 de
1127 4868 1263 4930 sindone
1296 4887 1369 4932 cum
1394 4867 1546 4930 omuibus
1568 4886 1670 4929 neces·

416 4973 506 5034 seriis
530 4987 560 5034 et
583 4973 774 5036 attinenciis.

1856 119 1860 278 ,

1855 335 1860 496 l
