3810 5806
741 561 942 638 Anno1504.
1433 561 1473 644 83

200 771 306 852 plagis
341 769 499 832 heredum
534 771 672 832 condam
707 770 805 832 Marci
839 769 959 850 Italici,
992 772 1031 832 ab
1064 773 1257 834 occidentali
1285 793 1362 835 vero
1387 787 1475 856 parte

206 877 313 959 platea
338 877 532 956 communis,
557 877 699 939 habitam
723 891 754 939 et
776 878 976 956 existentem,
994 877 1117 960 prefato
1143 878 1276 940 domino
1302 879 1426 941 doctori
1444 893 1475 941 et

207 985 341 1046 domine
367 984 505 1066 Mylicza
529 999 641 1046 vocate
657 983 715 1067 (et)
738 1004 796 1066 per
812 1003 867 1046 eos
885 985 1027 1066 ipsorum
1053 985 1225 1047 heredibus
1250 1005 1308 1067 pro
1331 985 1473 1048 sedecim

204 1090 275 1152 flor.
300 1091 370 1152 auri
390 1091 537 1153 vendidit
560 1090 628 1172 jure
653 1104 809 1173 perpetuo
833 1091 1074 1174 possidendam.
1101 1091 1219 1153 Datum
1240 1091 1318 1154 feria
1332 1093 1473 1154 secunda

204 1197 353 1279 proxima
378 1211 449 1279 post
473 1195 588 1259 festum
615 1197 700 1260 beati
724 1197 845 1258 Vrbani
878 1217 959 1280 pape
984 1212 1014 1259 et
1040 1199 1177 1260 martiris
1206 1218 1298 1282 ¹5⁰3·

313 1303 412 1378 Quod
437 1303 513 1385 quia
536 1305 752 1365 communitas
775 1303 816 1365 ad
839 1304 1034 1386 peticionem
1060 1304 1186 1386 providi
1212 1317 1243 1367 et
1267 1305 1393 1369 honesti
1411 1305 1473 1366 viri

205 1411 363 1473 Johannis
381 1411 545 1490 institoris,
562 1411 697 1473 senioris
713 1411 828 1492 judicis
845 1424 876 1474 et
894 1412 1035 1474 concivis
1053 1413 1162 1490 nostri,
1180 1413 1259 1474 duas
1275 1413 1385 1475 vineas
1402 1433 1475 1475 suas

205 1519 377 1598 contiguas
409 1518 441 1578 in
473 1517 635 1580 territorio
667 1530 777 1580 nostro
812 1537 868 1579 seu
899 1518 1036 1580 civitatis
1067 1516 1199 1601 prefate,
1231 1519 1313 1580 inter
1344 1519 1472 1579 vineam

205 1625 467 1687 condicionalem
494 1623 649 1686 heredum
682 1643 738 1686 seu
771 1643 989 1686 successorum
1023 1623 1159 1685 condam
1186 1622 1334 1706 Gregorii
1359 1625 1475 1686 sutoris

206 1729 332 1792 Pethko
357 1730 444 1809 dicti,
469 1730 611 1792 concivis
635 1729 747 1809 nostri,
772 1732 812 1791 ab
832 1749 907 1807 una,
924 1729 1075 1791 videlicet
1099 1751 1116 1791 a
1142 1729 1346 1792 meridionali
1372 1745 1471 1813 parte,

206 1853 237 1899 et
261 1838 344 1899 inter
376 1839 504 1899 vineam
536 1837 678 1899 altariste
710 1857 762 1899 are
795 1838 895 1899 sancti
930 1837 1085 1898 Johannis
1118 1838 1258 1920 Baptiste
1283 1839 1314 1900 in
1340 1839 1473 1900 ecclesia

207 1956 317 2006 nostra
341 1944 443 2006 sancti
469 1944 566 2005 Marci
600 1957 793 2022 constructe,
828 1944 868 2004 ab
901 1943 1012 2021 altera,
1047 1943 1199 2006 videlicet
1222 1945 1475 2027 septemtrionali

165 2055 170 2070 '
209 2065 311 2132 parte,
335 2049 474 2133 desuper
498 2071 515 2113 a
540 2051 591 2112 via
615 2051 780 2113 communi
803 2050 972 2133 superiori,
996 2052 1036 2111 ab
1053 2051 1220 2113 occidente
1244 2051 1314 2130 sita,
1339 2066 1370 2113 et
1393 2049 1474 2113 infra

207 2177 310 2239 usque
335 2158 375 2218 ad
400 2157 497 2219 aliam
522 2158 607 2219 viam
640 2176 847 2219 communem
878 2156 1028 2218 videlicet
1064 2155 1261 2236 inferiorem,
1285 2159 1325 2219 ab
1349 2158 1472 2220 oriente

206 2264 313 2342 sitam,
339 2283 411 2324 cum
436 2276 520 2325 terra
544 2283 644 2325 vacua
669 2278 699 2326 et
723 2262 843 2346 (h)orto
872 2262 989 2324 habitis
1021 2277 1052 2323 et
1075 2263 1284 2324 existentibus
1308 2283 1340 2325 se
1365 2277 1473 2326 exten·

207 2371 350 2448 dentem,
375 2392 392 2431 a
418 2372 584 2432 communi
609 2385 719 2433 nostro
755 2389 853 2432 ceusu
885 2370 1019 2430 omnino
1051 2389 1110 2452 pro
1141 2370 1286 2452 quinque
1311 2369 1380 2433 flor.
1405 2369 1472 2434 auri

206 2491 362 2559 perpetue
387 2477 619 2539 libertavimus.
638 2476 755 2538 Datum
773 2477 906 2538 sabbato
924 2489 996 2536 ante
1014 2477 1227 2538 dominicam:
1251 2476 1356 2540 Oculi.
1381 2499 1389 2538 r
1399 2497 1472 2558 504.

314 2584 383 2645 Nos
415 2584 629 2645 communitas
661 2583 780 2644 civium
820 2581 957 2644 civitatis
988 2583 1279 2663 Montisgrecensis.
1314 2583 1470 2644 Memoris

207 2688 476 2751 commendamus
500 2703 611 2751 tenore
636 2690 835 2771 presencium
854 2689 972 2771 quibus
996 2688 1124 2770 expedit
1143 2689 1307 2768 universis,
1332 2689 1470 2770 qualiter

207 2796 328 2856 nobilis
352 2796 401 2857 vir
424 2795 608 2858 Alexander
632 2793 798 2856 familiaris
823 2795 946 2856 domini
981 2795 1079 2856 nostri
1105 2795 1322 2874 illustrissimi,
1346 2794 1470 2856 domini

209 2901 368 2963 Johannis
392 2901 482 2963 ducis
506 2900 642 2963 Coruini
667 2915 737 2980 etc,
769 2901 963 2983 presentavit
997 2901 1090 2961 nobis
1122 2915 1223 2962 certas
1246 2900 1353 2963 literas
1378 2900 1472 2962 nobis

206 3009 409 3092 preceptorie
434 3023 594 3086 sonantes,
627 3024 660 3070 ut
689 3027 784 3091 super
816 3007 914 3070 domo
943 3022 973 3069 et
997 3009 1091 3069 vinea
1126 3009 1267 3089 magistri
1295 3007 1390 3069 Blasii
1416 3026 1466 3069 ca·

208 3116 319 3177 nonici
343 3115 477 3176 ecclesie
502 3115 717 3196 zagrabiensis
748 3128 779 3176 et
811 3113 1028 3175 archidiaconi
1054 3113 1258 3191 chasmensis,
1283 3132 1346 3195 que
1370 3113 1469 3195 ipsius

208 3221 405 3304 prefuerant,
441 3223 526 3284 idem
552 3222 704 3284 dominus
735 3222 798 3283 dux
823 3235 953 3303 propter
985 3221 1159 3302 quemdam
1191 3239 1338 3282 excesum
1371 3221 1471 3302 ipsius

208 3329 352 3410 magistri
386 3329 501 3407 Blasii,
534 3330 573 3390 ab
606 3327 720 3390 eodem
752 3328 872 3409 recepit
899 3341 929 3388 et
964 3325 1087 3408 prefato
1119 3327 1302 3388 Alexandro
1328 3325 1471 3405 donavit,

207 3437 368 3517 nobisque
392 3435 554 3498 commisit
577 3433 784 3512 strictissime,
810 3448 843 3494 ut
867 3447 898 3494 et
915 3452 972 3494 nos
996 3434 1103 3494 literas
1127 3432 1188 3494 sibi
1212 3433 1371 3510 daremus,
1390 3451 1469 3512 quas

207 3561 262 3624 per
287 3541 477 3603 mandatum
503 3541 602 3623 ipsius
626 3540 749 3602 domini
776 3539 877 3616 ducis,
907 3539 1003 3600 simul
1035 3558 1108 3600 curn
1141 3540 1293 3600 omnibus
1325 3539 1470 3601 eiusdem

205 3649 324 3710 domus
349 3661 379 3709 et
403 3650 495 3710 vinee
526 3647 742 3730 (utilitatibus)
774 3647 940 3722 dedimus;
974 3665 1035 3726 que
1068 3645 1184 3707 domna
1208 3645 1287 3707 alias
1310 3644 1472 3728 prefuerat

205 3755 345 3816 condam
371 3754 506 3816 Fabiani
532 3753 702 3836 Sypchych
735 3754 767 3814 in
800 3752 927 3814 civitate
961 3752 1102 3832 predicta
1134 3753 1217 3813 inter
1240 3751 1376 3813 domurn
1401 3771 1470 3812 mu-

206 3875 307 3923 ratam
333 3873 364 3922 et
386 3861 498 3922 turrim
524 3875 665 3920 nostram
690 3879 708 3921 a
732 3858 987 3942 septemtrionali
1018 3871 1049 3920 et
1072 3857 1220 3919 orientali
1246 3857 1359 3940 plagis,
1384 3857 1472 3918 simi·

205 3968 277 4030 liter
301 3987 399 4049 supra
424 3985 552 4028 murum
578 3979 722 4027 nostrum
747 3985 783 4026 ac
816 3984 913 4046 penes
946 3965 1080 4026 domurn
1114 3963 1265 4046 Stephani
1292 3963 1471 4046 ireniparis,

205 4093 222 4134 a
247 4073 454 4135 meridionali
480 4087 510 4134 et
534 4071 725 4134 occidentali
750 4072 893 4154 partibus
910 4070 993 4132 viam
1020 4089 1237 4148 communem,
1262 4071 1368 4132 eidem
1394 4071 1469 4132 Ale·

204 4180 328 4241 xandro
353 4179 533 4243 statuimus.
560 4178 678 4240 Datum
703 4176 781 4239 feria
806 4191 918 4259 quarta
950 4177 1095 4259 proxima
1127 4189 1200 4238 ante
1226 4175 1341 4239 testum
1366 4177 1466 4238 sancti

205 4286 364 4348 Johannis
389 4285 542 4367 Baptiste.
568 4289 664 4346 Anno
686 4303 752 4366 quo
776 4304 884 4367 supra.
