3810 5806
414 539 473 601 108
941 541 1027 598 Amco
1050 550 1140 616 1519.

410 752 509 833 specti
534 752 593 812 viri
620 751 750 812 Sowani
783 751 931 828 Pastoris,
965 771 981 811 a
1014 763 1103 832 parte
1134 750 1407 833 septemtrionali.
1440 763 1570 831 aparte
1596 769 1673 810 vero

409 858 614 919 meridionali
638 877 737 939 penes
761 857 881 918 dictum
908 856 1004 918 fenile
1023 857 1271 939 Marenschycza
1295 869 1446 918 vocatum
1471 853 1584 937 prefati
1611 855 1671 915 Mi·

409 964 529 1026 chaelis
553 964 702 1026 moderni
727 963 842 1044 judicis
866 977 897 1024 et
915 963 1056 1024 concivis
1081 963 1192 1042 nostri,
1209 962 1305 1023 simul
1324 981 1396 1023 cum
1420 961 1574 1023 omnibus
1591 961 1673 1022 eius·
1767 1017 1769 1024 Α

409 1069 482 1132 dem
498 1069 605 1132 senilis
619 1070 820 1147 utilitatibus,
839 1067 961 1151 prefato
980 1069 1129 1130 Michaeli
1149 1069 1306 1130 moderno
1324 1068 1422 1150 judici
1439 1086 1498 1149 pro
1514 1067 1577 1128 alia
1590 1081 1672 1129 terra

408 1177 520 1238 arabili
546 1175 659 1258 prelati
686 1175 852 1238 Michaelis
881 1175 1092 1258 Opprasnych
1119 1177 1150 1235 in
1184 1173 1376 1256 Cirquischc
1400 1173 1510 1236 habita
1526 1173 1672 1255 quinque

408 1298 463 1345 aut
485 1284 562 1346 citra
586 1283 688 1343 dietas
706 1283 735 1343 in
759 1302 791 1342 se
808 1282 1005 1360 continente,
1030 1302 1085 1365 per
1103 1281 1237 1344 modum
1254 1281 1484 1342 concambialis
1509 1293 1673 1361 permuta·

409 1389 511 1452 cionis
535 1389 684 1450 dedimus
708 1403 738 1449 et
763 1389 1016 1470 permutavimus
1037 1389 1264 1470 perpetualiter
1288 1387 1530 1469 possidendum.
1557 1385 1672 1448 Datum

409 1494 485 1557 feria
510 1496 606 1557 tercia
633 1495 664 1555 in
696 1493 838 1576 profesto
873 1493 1114 1556 Purificacionis
1145 1495 1238 1556 beate
1271 1493 1371 1554 Maris
1403 1492 1546 1574 virginis.
1577 1497 1673 1555 Anno

411 1601 543 1662 Domini
569 1601 743 1662 millesimo
767 1601 1028 1682 quingentesimo
1052 1600 1180 1662 decimo
1205 1619 1303 1661 nono.

515 1708 582 1769 Nos
606 1708 822 1769 communitas
855 1707 973 1768 civium
1006 1706 1143 1768 civitatis
1175 1705 1459 1788 Montisgrecensis
1490 1719 1561 1784 etc,
1585 1705 1674 1786 quod

409 1833 483 1876 cum
509 1833 568 1874 nos
593 1832 650 1895 pro
675 1812 884 1895 expediendis
901 1813 994 1875 certis
1010 1813 1154 1893 negociis
1178 1813 1295 1873 nostris
1312 1811 1581 1890 consedissemus,
1597 1827 1673 1874 tunc

409 1919 610 1981 honorabilis
634 1919 786 1980 dominus
812 1919 936 1980 Blasius
968 1919 1124 2000 plebanus
1149 1933 1257 1980 noster
1290 1919 1438 2000 exposuit
1462 1919 1566 1997 nobis,
1591 1938 1672 2000 quo·

409 2025 508 2088 modo
534 2027 601 2107 ipse
637 2046 694 2107 pro
726 2039 901 2107 augmento
933 2025 1066 2086 ecclesie
1099 2039 1205 2087 nostre
1237 2023 1430 2106 parochialis
1464 2026 1548 2086 beati
1574 2025 1672 2086 Marci

408 2133 627 2213 ewangeliste,
659 2131 813 2212 quasdam
847 2145 946 2193 terras
978 2131 1115 2192 arabiles
1147 2151 1220 2192 cum
1255 2131 1396 2212 quadam
1420 2131 1567 2194 similiter
1590 2146 1673 2193 terra

409 2239 509 2320 vulgo
535 2238 657 2320 Zygeth
683 2239 778 2316 dicta,
803 2237 922 2298 eisdem
952 2239 1142 2317 subiacenti,
1175 2238 1286 2299 decem
1319 2238 1421 2301 dietas
1453 2253 1508 2301 aut
1539 2239 1616 2300 citra
1640 2240 1672 2301 in

411 2365 442 2406 se
467 2345 664 2422 continente,
689 2343 728 2404 dc
754 2343 897 2404 unanimi
923 2344 1089 2406 voluntate
1122 2345 1354 2426 circumspecto
1386 2358 1417 2406 ct
1441 2344 1577 2407 honesto
1602 2346 1672 2406 viro

413 2451 520 2511 lwano
546 2450 671 2511 Zodccz
696 2448 793 2528 dicto,
817 2449 934 2510 seniori
960 2448 1069 2530 judici,
1094 2463 1341 2526 commutasset;
1366 2452 1564 2532 quequidem
1588 2464 1671 2514 terre

410 2558 442 2618 in
467 2557 628 2618 territorio
653 2570 762 2617 nostro
788 2556 869 2617 inter
884 2570 983 2616 terras
1000 2575 1053 2616 are
1070 2569 1176 2618 sancte
1195 2556 1308 2618 Crucis
1331 2558 1362 2618 in
1388 2556 1510 2639 prefata
1535 2557 1669 2620 ecclesia

407 2679 513 2726 nostra
540 2662 683 2740 fundate,
707 2683 724 2723 a
749 2676 836 2744 parte
869 2663 1030 2741 orientali,
1064 2679 1195 2746 aparte
1227 2665 1483 2746 septemtrionali
1506 2666 1557 2728 via
1582 2685 1669 2727 com·

409 2771 527 2848 munis,
551 2791 568 2831 a
593 2786 681 2851 parte
705 2768 899 2830 occidentali
923 2784 1005 2830 terre
1035 2770 1172 2831 arabiles
1204 2770 1370 2852 prudentis
1395 2785 1426 2832 et
1450 2772 1670 2854 circumspecti

406 2877 465 2938 viri
492 2877 630 2938 Emerici
655 2877 781 2952 literati,
800 2877 936 2936 senioris
953 2876 1078 2955 judicis,
1096 2897 1112 2937 a
1130 2891 1218 2958 parte
1236 2897 1312 2938 vero
1333 2877 1537 2940 meridionali
1555 2878 1669 2960 partim

407 2985 488 3045 inter
512 2999 627 3044 terram
653 2983 801 3043 similiter
825 2983 923 3062 vulgo
949 2983 1070 3065 Zygeth
1104 2983 1221 3044 dictam
1253 2983 1420 3066 hospitalis
1450 2985 1548 3045 nostri
1575 2986 1667 3046 beate

408 3090 508 3150 Marie
533 3089 666 3168 virginis
690 3088 813 3149 habitas
838 3104 868 3149 et
900 3089 1089 3164 existentes3
1122 3089 1197 3148 item
1224 3102 1307 3149 mete
1332 3089 1416 3150 dicte
1440 3103 1523 3150 terre
1548 3089 1670 3172 Zygcth

405 3196 467 3257 hoc
491 3197 590 3257 modo
615 3195 863 3275 destinguuntut
887 3195 969 3256 inter
993 3195 1110 3255 dictam
1132 3209 1249 3256 terram
1273 3194 1395 3276 Zygeth
1422 3194 1533 3276 prefati
1560 3196 1669 3276 hospi·

406 3303 480 3364 talis
506 3302 603 3364 nostri
630 3303 721 3361 beate
748 3302 846 3362 Marie
879 3301 1022 3380 virginis,
1058 3321 1076 3361 a
1108 3314 1196 3382 parte
1228 3301 1387 3380 orientali,
1420 3295 1475 3363 ubi
1501 3302 1667 3383 quoddam

406 3406 560 3470 fossatum
582 3423 728 3489 tempore
749 3407 882 3489 pluviali
908 3406 1053 3468 defluens
1084 3407 1213 3486 mediat,
1246 3421 1317 3468 eta
1349 3422 1437 3490 parte
1463 3408 1668 3470 meridionali

406 3516 456 3576 via
482 3515 621 3596 publica,
645 3534 662 3575 a
687 3527 774 3596 parte
798 3534 874 3575 vero
898 3513 1091 3576 occidentali
1113 3528 1194 3575 terra
1219 3514 1341 3596 capelle
1366 3528 1473 3577 nostre
1498 3517 1667 3578 beatorum

406 3621 540 3682 Fabiani
566 3633 597 3681 et
622 3621 800 3681 Sebastiani
826 3622 992 3680 martirum
1018 3619 1124 3681 habita
1154 3633 1184 3681 et
1209 3621 1355 3699 existens,
1379 3621 1476 3682 simul
1500 3641 1573 3682 cum
1601 3641 1670 3682 om-

406 3728 501 3789 nibus
526 3727 646 3787 eisdem
672 3726 762 3787 terris
787 3726 978 3788 utilitatibus
1001 3724 1126 3808 prefato
1152 3726 1259 3788 lwano
1286 3725 1412 3788 Zodccz
1436 3746 1496 3789 nec
1521 3746 1586 3788 non
1612 3726 1670 3788 do·

407 3833 494 3894 mine
520 3832 702 3894 Petronelle
727 3833 866 3894 consorti
901 3851 967 3910 suc,
1000 3852 1056 3914 per
1088 3833 1222 3894 modum
1255 3833 1485 3895 concambialis
1508 3847 1671 3916 permuta-

408 3940 510 4002 cionis
534 3959 608 4000 cum
632 3938 852 4000 additamento
878 3938 946 4001 llor.
974 3939 1122 4018 duorum,
1146 3938 1267 4021 prefate
1284 3939 1417 4000 ecclesie
1441 3953 1549 4001 nostre
1574 3939 1669 4018 datis,

408 4046 558 4108 dedimus
591 4046 841 4107 irrevocabiliter
872 4045 1091 4128 possidendas.
1129 4044 1244 4106 Datum
1278 4044 1355 4106 feria
1386 4047 1496 4127 quinta
1521 4045 1668 4126 proxima

406 4167 479 4214 ante
505 4151 620 4214 festum
646 4155 812 4214 beatorum
846 4152 985 4234 Philippi
1018 4165 1049 4213 et
1082 4153 1192 4213 Jacobi
1224 4153 1457 4234 apostolorum.
1483 4157 1579 4213 Anno
1606 4150 1669 4212 Do-

407 4259 489 4320 mini
516 4259 690 4320 millesimo
715 4259 976 4341 quingentesimo
1001 4257 1128 4320 decimo
1153 4273 1277 4320 octavo.

933 4537 1144 4555 —vt-§OO—
