3804 5798
830 531 1011 592 Inventaria.
1494 552 1550 613 173

289 739 381 820 nigro
416 739 520 821 »figite
554 741 593 802 de
626 740 734 803 medio
769 740 976 820 Babilonisr,
1001 755 1032 802 et
1064 741 1095 802 in
1121 741 1184 802 fine
1216 741 1288 802 libri
1314 739 1383 802 finit
1411 757 1551 824 »septem

289 845 393 907 occuli
418 861 523 910 sunta.

394 952 485 1031 ltem,
509 953 590 1014 alius
614 954 695 1016 liber
711 955 964 1036 sermotionalis,
989 957 1044 1037 qui
1068 955 1179 1036 incipit
1208 955 1341 1017 »salutat
1365 976 1421 1016 vos
1448 957 1550 1016 Lucas

289 1059 465 1138 medicus«,
501 1074 531 1120 et
555 1059 587 1120 in
612 1059 674 1121 fine
712 1061 814 1143 prime
849 1063 965 1144 pagine
999 1062 1130 1123 secundi
1164 1060 1232 1122 lolii
1267 1060 1336 1122 finit
1375 1075 1428 1122 sut
1452 1061 1551 1122 simus

288 1178 440 1244 stantes«,
464 1179 496 1228 et
520 1166 551 1226 in
577 1164 632 1228 fini
657 1165 730 1228 libri
755 1165 825 1229 finit
860 1167 917 1228 ›de
943 1188 1007 1250 quo
1032 1187 1114 1246 sum,
1138 1167 1266 1248 gaudeo
1299 1181 1425 1246 natus«,
1450 1181 1480 1229 et
1504 1181 1550 1229 est

291 1285 464 1354 coopertus
481 1273 520 1334 de
545 1272 640 1334 viridi
669 1275 767 1337 corio.

393 1378 483 1456 ltem,
508 1399 592 1440 unus
615 1379 698 1441 alius
714 1380 844 1441 libellus
861 1381 1104 1442 sermocionalis
1122 1400 1232 1442 carens
1250 1381 1408 1463 principio
1433 1393 1464 1442 et
1476 1378 1551 1458 fine,

289 1485 357 1547 sine
382 1485 550 1548 asseribus.

394 1591 485 1670 Item,
509 1611 592 1653 unus
616 1592 698 1653 alius
730 1592 812 1654 liber
843 1593 1089 1656 sermocionalis
1113 1593 1145 1654 in
1171 1595 1295 1677 papiro,
1327 1608 1494 1675 corruptus
1519 1594 1550 1654 in

288 1697 448 1780 principio
473 1697 512 1759 de
537 1698 741 1776 humiditate,
765 1715 796 1760 et
813 1691 956 1762 continet
974 1701 1005 1760 in
1022 1720 1055 1761 se
1073 1700 1242 1781 epistolam
1260 1700 1365 1762 Cirilli
1391 1700 1429 1761 de
1448 1714 1550 1762 morte

289 1804 459 1866 Heronimi
485 1819 515 1866 et
540 1805 722 1888 Augustini,
749 1819 779 1868 et
811 1805 1042 1868 meditaciones
1074 1806 1220 1868 Anselmi
1257 1819 1287 1867 et
1310 1825 1416 1867 sermo
1441 1809 1550 1886 hugu-

288 1911 360 1972 stini
386 1911 426 1972 de
451 1911 591 1992 imagine
616 1911 744 1990 Christi,
770 1925 800 1973 et
825 1926 871 1974 est
894 1927 1065 1994 coopertus
1089 1913 1128 1973 de
1152 1912 1258 1974 viridi.

395 2017 483 2097 ltem,
509 2037 592 2079 unus
616 2019 697 2080 alius
721 2019 802 2080 liber
826 2020 1067 2081 sermocionalis
1092 2019 1124 2081 in
1142 2019 1265 2102 papiro,
1282 2033 1313 2082 et
1337 2020 1449 2102 incipit
1477 2019 1550 2081 »Sic

288 2125 404 2184 currite
429 2137 463 2186 ut
488 2125 799 2206 comprehendatis«,
825 2127 911 2187 etin
936 2124 999 2187 fine
1023 2126 1097 2187 libri
1115 2124 1184 2187 finit
1211 2145 1328 2207 »quam
1353 2127 1445 2186 vobis
1470 2145 1545 2188 con·

287 2230 378 2292 cedat
401 2245 432 2292 et
455 2244 588 2294 caetera.
614 2236 751 2310 Amen«,
776 2247 806 2293 et
830 2246 877 2294 est
901 2245 1070 2314 coopertus
1095 2231 1134 2292 de
1159 2232 1265 2294 viridi.

394 2337 483 2416 Item,
508 2359 591 2400 unus
615 2338 696 2400 liber
721 2339 812 2417 alius,
835 2355 877 2401 vet
908 2354 954 2400 est
978 2339 1018 2400 de
1049 2338 1200 2400 laudibus
1232 2341 1323 2402 beate
1349 2339 1492 2420 virginis,
1517 2355 1547 2400 et

289 2445 399 2526 incipit
422 2464 494 2506 curn
520 2444 645 2506 rubrica
673 2444 805 2526 »Incipit
829 2445 983 2526 prologus
1007 2445 1038 2506 in
1065 2445 1183 2506 librum
1209 2445 1300 2506 beate
1324 2446 1490 2525 virginis«,
1516 2457 1547 2506 et

288 2551 319 2612 in
338 2550 399 2612 fine
417 2551 488 2612 libri
507 2549 576 2612 finit
597 2564 744 2633 »paterne
753 2551 1075 2631 glorieclaritatem‹,
1092 2565 1123 2612 et
1141 2565 1186 2612 est
1203 2563 1374 2632 coopertus
1398 2551 1437 2612 de
1459 2552 1545 2612 albo.

392 2656 481 2735 ltem,
506 2657 728 2738 exposiciones
752 2657 985 2718 vocabulorum
1009 2676 1065 2739 per
1089 2655 1296 2738 alphabetum
1322 2657 1490 2718 continens
1515 2656 1546 2716 in

286 2761 350 2824 fine
374 2763 527 2844 prologos
552 2763 635 2824 beati
661 2763 816 2824 leronimi
843 2764 874 2824 in
901 2783 1013 2825 omnes
1041 2763 1141 2824 libros
1166 2761 1273 2823 divine
1300 2763 1418 2844 ystorie
1444 2777 1474 2823 et
1498 2775 1546 2823 to·

288 2869 354 2930 cius
368 2869 489 2946 bibilie,
514 2883 545 2930 et
569 2869 681 2951 incipit
708 2869 874 2931 »difficiles
891 2871 1004 2931 studeo
1023 2883 1158 2951 partes«,
1183 2882 1214 2930 et
1235 2869 1266 2929 in
1291 2865 1354 2929 fine
1379 2868 1452 2929 libri
1478 2866 1547 2929 finit

293 2975 450 3057 »Explicit
472 2990 623 3038 tractatus
647 2977 736 3038 iste«.
995 3055 996 3058 Ἴ

393 3081 482 3160 ltem,
507 3083 588 3143 liber
614 3083 785 3160 Brandani,
804 3095 834 3144 et
852 3083 963 3164 incipit
991 3097 1135 3161 ’sanctus
1153 3081 1374 3154 Brandanus‹,
1399 3094 1429 3140 et
1454 3079 1549 3140 habet

288 3189 318 3249 in
344 3187 405 3250 fine
430 3189 623 3270 opusculum
650 3189 688 3249 de
706 3189 862 3271 regimine
887 3189 1030 3250 sanitatis
1048 3188 1262 3270 compositum
1278 3206 1333 3268 per
1352 3186 1547 3262 Elbultasen,

287 3309 318 3355 et
342 3295 373 3355 in
398 3293 460 3355 fine
485 3294 557 3355 libri
583 3293 652 3356 finit
680 3295 780 3357 »sicut
804 3295 941 3376 pertinet
966 3295 1122 3355 maiestati
1147 3313 1236 3355 suec.

567 3488 812 3570 Sequuntur
844 3487 948 3548 libri
975 3485 1270 3549 medicinales.

394 3632 512 3709 Primo,
538 3631 619 3694 liber
643 3631 760 3691 tercius
785 3631 937 3708 Avicena,
971 3629 1009 3689 de
1045 3628 1261 3711 pulcherrima
1287 3627 1400 3704 littera,
1425 3626 1548 3688 habens

289 3739 319 3798 in
345 3738 503 3821 principio
527 3737 665 3819 capitula
691 3736 766 3797 dicti
792 3737 908 3818 operis,
941 3749 971 3796 et
995 3735 1107 3816 incipit
1131 3755 1187 3816 per
1211 3734 1371 3795 rubricam
1403 3733 1547 3793 »Edictio

288 3845 389 3926 prima
413 3844 452 3906 de
477 3843 634 3904 universis
658 3842 926 3923 egritudinibus«,
951 3855 982 3903 et
1006 3842 1038 3901 in
1063 3840 1125 3902 fine
1146 3841 1248 3922 prime
1273 3840 1390 3921 pagine
1415 3838 1546 3900 secundi

288 3949 354 4013 folii
379 3950 448 4013 finit
477 3951 641 4033 ·primam,
666 3963 700 4011 ut
724 3951 754 4010 in
781 3950 881 4030 ipsa«,
906 3961 936 4010 et
953 3950 984 4009 in
1001 3947 1065 4010 fine
1083 3949 1154 4009 libri
1173 3947 1241 4008 finit
1263 3947 1547 4023 »dedecoracione,

287 4059 349 4120 deo
374 4071 483 4119 nostro
507 4057 660 4137 gracias«.

392 4165 481 4243 ltem,
504 4165 585 4226 liber
609 4163 789 4224 Albumetri
816 4163 927 4242 Rasys,
953 4160 1074 4222 habens
1106 4160 1245 4242 capitula
1269 4159 1376 4241 operis
1400 4159 1431 4218 in
1457 4159 1546 4240 prin·

286 4272 382 4354 cipio,
407 4285 437 4334 et
454 4271 565 4353 incipit
589 4270 670 4332 liber
698 4268 851 4331 »Creator
875 4268 1020 4330 omnium
1039 4267 1150 4343 deuse,
1174 4279 1205 4327 et
1229 4267 1261 4327 in
1286 4264 1349 4327 fine
1373 4265 1473 4346 prime
1491 4283 1546 4346 pa·

285 4379 360 4460 gine
384 4379 516 4440 secundi
543 4376 611 4439 folii
637 4377 706 4438 finit
740 4376 791 4436 »in
825 4394 959 4456 corpore
992 4387 1151 4451 eventan,
1181 4373 1301 4434 habens
1327 4374 1356 4432 in
1383 4371 1447 4434 fine
1472 4371 1544 4432 libri

287 4486 508 4568 exposiciones
532 4483 763 4545 vocabulorum
790 4482 1003 4560 ebreicorum,
1026 4495 1056 4542 et
1078 4480 1147 4542 finit
1163 4481 1244 4542 liber
1265 4479 1404 4541 »auxilio
1429 4478 1480 4540 dei
1499 4479 1544 4538 in·

287 4594 475 4676 cipiemus‹.

391 4699 479 4776 Item,
504 4698 585 4759 liber
609 4695 804 4776 Serapionis,
829 4707 860 4755 et
883 4694 995 4775 incipit
1020 4694 1051 4754 in
1077 4696 1170 4775 nigro
1198 4707 1389 4776 »postquam
1414 4693 1480 4752 vidi
1507 4691 1545 4750 li-

287 4807 379 4867 brum'
405 4805 597 4866 Diascolidis
622 4819 652 4866 et
676 4804 793 4864 librum
820 4801 998 4880 Galienis‹,
1033 4816 1063 4864 et
1089 4803 1119 4862 in
1145 4801 1206 4862 fine
1232 4801 1332 4882 prime
1358 4800 1473 4881 pagine
1498 4819 1544 4858 se-

287 4913 382 4974 cundi
407 4911 477 4974 folii
503 4911 572 4974 finit
601 4911 677 4971 »erit
703 4911 732 4971 in
759 4926 906 4992 quarto«,
931 4923 961 4971 et
978 4911 1009 4970 in
1036 4909 1098 4971 fine
1116 4909 1187 4969 libri
1214 4907 1282 4969 finit
1311 4904 1544 4968 ›calefaccione

286 5033 317 5080 et
341 5019 556 5080 exsiccacione
583 5017 689 5078 forti«.
