3804 5798
764 579 948 640 inventaria.
1434 582 1489 646 181

232 681 346 689 ——..

340 788 416 848 ltem
443 809 506 850 utra
529 789 633 874 sytula
658 801 806 869 argentea
832 809 890 870 pro
910 809 993 870 aqua
1018 791 1185 852 benedicta
1210 812 1283 854 cum
1308 791 1435 853 circulis
1459 792 1490 852 in

230 895 364 955 circuitu
385 909 416 956 et
440 897 612 957 manubrio
636 895 809 975 deauratis,
827 897 980 977 ponderis
999 911 1121 980 septem
1140 918 1318 960 marcarum
1343 911 1374 960 et
1398 898 1492 980 quin·

230 1000 333 1061 decim
359 1001 513 1084 nebezyk,

336 1107 414 1168 ltem
427 1109 643 1190 aspersorium
661 1127 735 1169 cum
749 1106 872 1169 nodulo
891 1108 985 1170 unius
999 1128 1105 1171 marce
1123 1123 1154 1172 et
1170 1109 1324 1171 tredecim
1336 1108 1492 1191 nebezyk,

336 1213 413 1275 ltem
439 1234 501 1275 una
526 1214 588 1274 alia
622 1214 717 1275 situla
749 1233 808 1296 pro
841 1233 924 1295 aqua
957 1216 1125 1277 benedicta
1158 1215 1198 1276 de
1230 1215 1337 1297 lapide
1369 1213 1494 1297 porfido

230 1320 330 1380 rubeo
355 1339 428 1381 cum
453 1320 624 1381 manubrio
650 1334 680 1382 et
704 1319 976 1382 circumferenciis
993 1336 1057 1382 tam
1082 1321 1113 1382 in
1139 1322 1322 1383 summitate
1346 1341 1442 1402 quam
1462 1323 1493 1381 in

230 1425 323 1508 pede,
347 1441 378 1487 et
400 1427 441 1488 ad
458 1426 541 1489 latus
565 1427 605 1488 de
622 1440 766 1506 argento,
791 1425 952 1504 deaurata,
978 1427 1129 1510 ponderis
1154 1429 1289 1489 duarum
1314 1446 1492 1488 marcarum

229 1545 261 1594 et
284 1532 456 1593 duodecim
482 1530 638 1615 nehezyk.

336 1639 415 1700 ltem
442 1658 504 1700 una
529 1638 631 1721 pelvis
655 1637 695 1700 de
719 1651 852 1720 argento
893 1657 967 1700 cum
992 1638 1091 1700 ducili
1115 1637 1267 1720 ponderis
1291 1638 1386 1698 trium
1412 1656 1494 1698 mar·

230 1764 337 1806 carum
363 1745 470 1805 minus
494 1763 559 1806 uno
584 1741 721 1806 fertone.

336 1849 413 1911 ltem
441 1869 503 1911 una
535 1849 598 1911 alia
630 1849 733 1931 pelvis
764 1849 912 1911 similiter
944 1849 984 1910 de
1016 1861 1161 1929 argento,
1186 1848 1218 1908 in
1244 1848 1357 1910 eadem
1380 1845 1494 1926 forma,

232 1956 301 2016 sine
334 1955 445 2034 ducili,
476 1954 630 2038 ponderis
661 1955 797 2017 duarum
834 1974 1014 2016 marcarum
1056 1974 1130 2016 cum
1163 1954 1299 2016 dimidio
1331 1966 1363 2016 et
1393 1955 1495 2016 tribus

232 2061 387 2143 nebezyk,

338 2167 416 2229 ltem
441 2167 506 2229 duo
531 2165 724 2229 candelabra
749 2187 822 2228 cum
847 2167 937 2248 ligno
954 2167 994 2228 ab
1020 2166 1113 2245 intra,
1138 2165 1290 2248 ponderis
1314 2179 1387 2227 octo
1412 2183 1493 2226 mar·

232 2293 342 2334 carum
368 2274 475 2334 minus
499 2273 685 2354 quindecim
719 2273 875 2356 nehezylt,
908 2287 939 2335 et
970 2286 1045 2335 sunt
1079 2273 1119 2334 ad
1151 2291 1281 2354 presens
1305 2272 1337 2332 itt
1360 2285 1430 2334 toto
1454 2271 1494 2333 de

230 2394 363 2461 argento
388 2379 468 2441 lacta
493 2393 524 2442 et
548 2394 710 2460 renovata,
735 2379 842 2442 deficit
865 2399 921 2462 pes
945 2378 1041 2442 unius
1072 2378 1255 2441 candelabri
1281 2379 1376 2440 unius
1399 2391 1494 2460 prout

235 2487 266 2546 in
293 2485 428 2566 antiquo
452 2499 593 2567 regestro
619 2499 665 2548 est
689 2487 861 2568 signatum.

338 2591 416 2653 ltem
441 2592 502 2653 dua
528 2592 590 2652 alia
615 2592 807 2654 candelabra
832 2591 871 2653 de
896 2611 1006 2674 cupro,
1041 2592 1203 2672 deaurata,
1235 2607 1373 2676 quatuor
1397 2591 1495 2674 pedes

233 2698 272 2758 de
296 2713 441 2780 argento,
472 2713 546 2760 sunt
575 2698 728 2780 ponderis
762 2712 836 2759 octo
868 2718 1066 2776 marcarum3
1103 2719 1167 2762 non
1203 2699 1415 2782 reperiuntur,
1438 2697 1494 2760 sed

233 2805 309 2866 dicit
333 2819 448 2882 custos,
474 2805 561 2886 quod
579 2819 653 2866 sunt
670 2807 809 2886 quedam
835 2806 978 2887 antiqua,
996 2806 1131 2867 omnino
1149 2807 1212 2867 iam
1230 2804 1338 2884 fracta,
1364 2819 1395 2866 et
1411 2817 1495 2866 stant

232 2910 370 2972 exterius
394 2911 425 2970 in
450 2910 592 2972 sacristia
616 2911 764 2974 exteriori
790 2931 885 2993 super
909 2931 1008 2974 aram.

338 3015 416 3078 ltem
442 3035 541 3077 unum
566 3015 784 3078 thurribulum
807 3017 846 3078 de
864 3031 1007 3099 argento,
1025 3017 1225 3095 deauratum,
1250 3036 1322 3079 cum
1347 3016 1493 3078 navicula

232 3142 289 3183 sua
313 3137 344 3183 et
368 3122 503 3184 cocleari
528 3141 587 3183 suo
613 3141 677 3184 non
703 3122 868 3200 deaurato,
901 3123 1056 3205 ponderis
1088 3123 1184 3185 trium
1217 3142 1395 3184 marcarum
1420 3141 1493 3184 cum

233 3227 340 3289 media
366 3228 473 3288 minus
495 3229 598 3290 tribus
615 3227 771 3314 nebezyk,
796 3241 827 3291 et
844 3228 950 3290 deficit
972 3229 1078 3290 media
1096 3248 1201 3290 marca
1218 3243 1249 3290 et
1272 3249 1325 3290 sex
1350 3227 1494 3311 nehezyk

232 3347 327 3415 prout
351 3333 382 3394 in
408 3335 542 3416 antiquo
566 3348 707 3416 regestro
732 3349 779 3397 est
802 3336 974 3417 signatum.

338 3439 415 3500 ltem
448 3440 510 3501 due
541 3441 671 3523 ampula
703 3441 742 3501 de
767 3455 900 3524 argento
927 3462 992 3503 non
1019 3441 1180 3519 deaurare,
1213 3441 1365 3524 ponderis
1388 3441 1494 3504 medie

232 3545 348 3607 marcis
371 3558 402 3608 et
426 3545 537 3608 decem
562 3547 716 3631 nehezylt.
