3810 5806
676 1616 808 1715 (Anno
836 1615 993 1704 Domini
1020 1615 1154 1720 MDX.)

292 1955 380 2032 Item
409 1957 442 2031 in
472 1979 566 2031 anno
595 1955 740 2031 Domini
760 1955 949 2030 millesimo
975 1953 1265 2054 quingentesimo
1291 1954 1445 2042 decimo,
1464 1962 1555 2031 tem·

291 2101 381 2178 pore
408 2080 578 2156 videlicet
606 2081 723 2179 quarti
747 2079 930 2177 judicatus
949 2078 1135 2179 prudentis
1165 2087 1203 2154 et
1223 2079 1472 2178 circumspecti
1491 2079 1556 2154 viri

293 2200 476 2277 Michaelis
506 2191 602 2296 dicti,
622 2201 682 2277 filii
710 2201 889 2293 Anthonii‚
917 2201 1076 2276 moderni
1101 2201 1231 2298 judicis
1251 2203 1376 2292 nostri,
1407 2225 1557 2300 presens

292 2325 503 2402 kathernum
551 2333 609 2402 est
645 2327 886 2426 conscriptum
926 2326 1034 2400 modo
1073 2335 1112 2400 et
1149 2327 1273 2401 ordine
1307 2337 1415 2424 prout
1443 2337 1556 2425 patet,

345 2449 436 2526 feria
465 2457 571 2526 sexta
599 2450 633 2524 in
662 2449 828 2550 profesto
867 2451 975 2526 beate
1015 2447 1225 2548 Margarete
1253 2449 1401 2550 virginis
1433 2459 1504 2525 etc.

843 2676 905 2739 με.
930 2665 1029 2739 julii).

401 2801 498 2877 Quod
524 2803 600 2885 quia
624 2803 873 2886 circumspectus
897 2803 945 2864 vir
968 2803 1093 2864 Marcus
1116 2803 1260 2887 Posegay
1277 2821 1312 2864 ac
1337 2803 1470 2865 domina
1496 2804 1559 2866 Do-

294 2908 404 2971 rothea
430 2929 561 2972 consors
584 2909 728 2972 eiusdem
754 2908 916 2991 quandam
948 2923 1066 2971 terram
1100 2910 1289 2970 corumdem
1323 2910 1468 3001 Dorycza
1501 2930 1558 2971 vo·

295 3028 409 3095 catam,
422 3035 540 3078 novem
554 3017 654 3080 dietas
671 3017 753 3079 intra
767 3037 798 3078 se
812 3017 1043 3094 continentem,
1061 3014 1186 3077 fossatis
1203 3015 1347 3097 undique
1365 3030 1560 3097 separatam,

297 3122 328 3183 in
354 3123 514 3185 territorio
539 3137 649 3185 nostro
684 3142 740 3184 seu
765 3123 901 3185 civitatis
934 3121 1066 3204 prefate,
1100 3122 1181 3183 inter
1214 3122 1280 3182 vias
1304 3140 1494 3182 communes
1519 3123 1559 3183 ab

296 3229 456 3306 orientali,
480 3249 658 3312 perquam
684 3229 747 3290 itur
777 3248 888 3290 versus
919 3229 1064 3306 Zawum,
1089 3247 1106 3288 a
1139 3227 1342 3289 meridionali
1369 3228 1451 3288 inter
1475 3228 1560 3288 viam

297 3354 360 3416 que
399 3335 519 3397 mediat
559 3335 641 3398 inter
679 3349 794 3396 terram
819 3334 984 3395 kalendini
1023 3329 1292 3395 confraternitatis
1331 3347 1475 3394 sutorum
1516 3333 1558 3394 si-

297 3440 415 3503 militer
446 3441 591 3524 Dosycza
623 3453 767 3502 vocatam
805 3453 836 3503 et
868 3440 1074 3522 prescriptam
1108 3452 1225 3500 terram
1250 3458 1340 3500 suam
1374 3439 1560 3501 existentem

297 3561 328 3609 et
351 3547 504 3626 habitam,
528 3549 568 3609 ab
592 3546 783 3609 occidentali
808 3560 904 3609 strata
928 3545 1057 3629 publica
1083 3565 1138 3627 per
1167 3565 1264 3626 quarn
1291 3545 1353 3606 itur
1377 3544 1416 3605 ad
1442 3544 1562 3606 vadum

301 3655 452 3735 Regium,
467 3654 506 3716 ab
520 3655 700 3736 aquilonari
714 3673 790 3714 vero
804 3653 907 3736 plagis
924 3652 1062 3734 quedam
1077 3665 1159 3713 terre
1173 3651 1411 3732 Religiosorum
1431 3649 1562 3712 fratrum

299 3761 339 3823 de
362 3761 476 3823 ordine
500 3762 741 3824 predicatorum
767 3761 798 3820 in
823 3759 1019 3821 monasterio
1045 3759 1128 3821 beati
1146 3759 1273 3820 Nicolai
1298 3755 1491 3820 confessoris
1508 3757 1561 3818 de-

297 3868 460 3949 gencium,
485 3867 591 3930 eidem
623 3881 705 3930 terre
738 3866 965 3945 vicinarentur,
997 3865 1093 3926 simul
1126 3883 1199 3927 cum
1232 3865 1385 3926 omnibus
1416 3864 1561 3925 eiusdem

300 3987 382 4034 terre
407 3973 612 4052 utilitatibus,
637 3974 759 4052 usibus,
783 3971 906 4054 juribus
923 3985 954 4034 et
977 3971 1184 4053 pertinenciis
1214 3971 1363 4032 adaram
1389 3969 1562 4031 duodecim

299 4080 521 4162 apostolorum
546 4081 578 4141 in
603 4079 736 4142 ecclesia
761 4093 868 4141 nostra
899 4077 1076 4161 parochiali
1109 4077 1192 4138 beati
1226 4077 1325 4138 Marci
1359 4075 1564 4158 ewangeliste

302 4184 467 4248 fundatam
480 4187 708 4270 perpetualiter
721 4206 779 4270 pro
794 4199 876 4248 certa
892 4203 1017 4247 summa
1036 4185 1245 4266 pecuniarum
1271 4183 1487 4245 vendiderunt
1498 4182 1564 4264 jure

301 4306 457 4375 perpetuo
482 4292 734 4376 possidendam3
759 4293 810 4354 cui
835 4292 908 4354 data
933 4305 980 4354 est
1003 4291 1094 4352 litera
1119 4290 1340 4373 privilegialis.
