<?xml version="1.0" encoding="UTF-8"?>
<!DOCTYPE html PUBLIC "-//W3C//DTD XHTML 1.0 Transitional//EN"
    "http://www.w3.org/TR/xhtml1/DTD/xhtml1-transitional.dtd">
<html xmlns="http://www.w3.org/1999/xhtml" xml:lang="en" lang="en">
 <head>
  <title>
</title>
<meta http-equiv="Content-Type" content="text/html;charset=utf-8" />
  <meta name='ocr-system' content='tesseract 3.04.00' />
  <meta name='ocr-capabilities' content='ocr_page ocr_carea ocr_par ocr_line ocrx_word'/>
</head>
<body>
  <div class='ocr_page' id='page_1' title='image "./monumentahistor19laszgoog_0257.png"; bbox 0 0 3804 5798; ppageno 0'>
   <div class='ocr_carea' id='block_1_1' title="bbox 254 545 1513 3298">
    <p class='ocr_par' dir='ltr' id='par_1_1' title="bbox 788 545 971 607">
     <span class='ocr_line' id='line_1_1' title="bbox 788 545 971 607; baseline 0.016 -3"><span class='ocrx_word' id='word_1_1' title='bbox 788 545 971 607; x_wconf 80' lang='lat' dir='ltr'>Inventaria.</span> 
     </span>
    </p>

    <p class='ocr_par' dir='ltr' id='par_1_2' title="bbox 361 757 1337 840">
     <span class='ocr_line' id='line_1_2' title="bbox 361 757 1337 840; baseline 0.004 -20"><span class='ocrx_word' id='word_1_2' title='bbox 361 757 528 820; x_wconf 84' lang='lat' dir='ltr'>Secundus</span> <span class='ocrx_word' id='word_1_3' title='bbox 552 772 683 820; x_wconf 89' lang='lat' dir='ltr'>ornatus</span> <span class='ocrx_word' id='word_1_4' title='bbox 707 758 747 820; x_wconf 88' lang='lat' dir='ltr'>ad</span> <span class='ocrx_word' id='word_1_5' title='bbox 772 778 858 820; x_wconf 88' lang='lat' dir='ltr'>aram</span> <span class='ocrx_word' id='word_1_6' title='bbox 885 760 924 821; x_wconf 94' lang='lat' dir='ltr'>de</span> <span class='ocrx_word' id='word_1_7' title='bbox 958 760 1181 840; x_wconf 84' lang='lat' dir='ltr'>rothkamuka‚</span> <span class='ocrx_word' id='word_1_8' title='bbox 1208 764 1337 824; x_wconf 91' lang='lat' dir='ltr'>rubeus.</span> 
     </span>
    </p>

    <p class='ocr_par' dir='ltr' id='par_1_3' title="bbox 360 864 1261 950">
     <span class='ocr_line' id='line_1_3' title="bbox 360 864 1261 950; baseline 0.006 -25"><span class='ocrx_word' id='word_1_9' title='bbox 360 865 496 926; x_wconf 76' lang='lat' dir='ltr'>Tertius</span> <span class='ocrx_word' id='word_1_10' title='bbox 520 879 651 926; x_wconf 90' lang='lat' dir='ltr'>ornatus</span> <span class='ocrx_word' id='word_1_11' title='bbox 675 865 766 926; x_wconf 91' lang='lat' dir='ltr'>rubei</span> <span class='ocrx_word' id='word_1_12' title='bbox 792 879 823 927; x_wconf 89' lang='lat' dir='ltr'>et</span> <span class='ocrx_word' id='word_1_13' title='bbox 846 864 938 927; x_wconf 88' lang='lat' dir='ltr'>flavei</span> <span class='ocrx_word' id='word_1_14' title='bbox 964 867 1091 946; x_wconf 88' lang='lat' dir='ltr'>coloris,</span> <span class='ocrx_word' id='word_1_15' title='bbox 1116 868 1261 950; x_wconf 86' lang='lat' dir='ltr'>simplex.</span> 
     </span>
    </p>

    <p class='ocr_par' dir='ltr' id='par_1_4' title="bbox 361 971 1259 1055">
     <span class='ocr_line' id='line_1_4' title="bbox 361 971 1259 1055; baseline 0.007 -23"><span class='ocrx_word' id='word_1_16' title='bbox 361 971 439 1034; x_wconf 86' lang='lat' dir='ltr'>Item</span> <span class='ocrx_word' id='word_1_17' title='bbox 465 991 566 1034; x_wconf 89' lang='lat' dir='ltr'>unum</span> <span class='ocrx_word' id='word_1_18' title='bbox 591 971 767 1034; x_wconf 81' lang='lat' dir='ltr'>linteamen</span> <span class='ocrx_word' id='word_1_19' title='bbox 792 971 868 1034; x_wconf 81' lang='lat' dir='ltr'>satis</span> <span class='ocrx_word' id='word_1_20' title='bbox 893 992 1046 1055; x_wconf 86' lang='lat' dir='ltr'>magnum</span> <span class='ocrx_word' id='word_1_21' title='bbox 1072 989 1101 1035; x_wconf 90' lang='lat' dir='ltr'>er</span> <span class='ocrx_word' id='word_1_22' title='bbox 1127 976 1259 1040; x_wconf 91' lang='lat' dir='ltr'>bonum.</span> 
     </span>
    </p>

    <p class='ocr_par' dir='ltr' id='par_1_5' title="bbox 359 1077 1299 1162">
     <span class='ocr_line' id='line_1_5' title="bbox 359 1077 1299 1162; baseline 0.006 -23"><span class='ocrx_word' id='word_1_23' title='bbox 359 1077 437 1140; x_wconf 89' lang='lat' dir='ltr'>Item</span> <span class='ocrx_word' id='word_1_24' title='bbox 463 1098 564 1140; x_wconf 92' lang='lat' dir='ltr'>unum</span> <span class='ocrx_word' id='word_1_25' title='bbox 589 1079 731 1141; x_wconf 78' lang='lat' dir='ltr'><strong>mensale</strong></span> <span class='ocrx_word' id='word_1_26' title='bbox 756 1099 814 1161; x_wconf 90' lang='lat' dir='ltr'>pro</span> <span class='ocrx_word' id='word_1_27' title='bbox 839 1080 1064 1162; x_wconf 88' lang='lat' dir='ltr'>cooperiendis</span> <span class='ocrx_word' id='word_1_28' title='bbox 1088 1081 1299 1146; x_wconf 82' lang='lat' dir='ltr'>candelabris.</span> 
     </span>
    </p>

    <p class='ocr_par' dir='ltr' id='par_1_6' title="bbox 360 1183 1017 1268">
     <span class='ocr_line' id='line_1_6' title="bbox 360 1183 1017 1268; baseline 0.005 -22"><span class='ocrx_word' id='word_1_29' title='bbox 360 1183 444 1246; x_wconf 92' lang='lat' dir='ltr'>Octo</span> <span class='ocrx_word' id='word_1_30' title='bbox 469 1185 585 1247; x_wconf 87' lang='lat' dir='ltr'>cussini</span> <span class='ocrx_word' id='word_1_31' title='bbox 610 1205 705 1268; x_wconf 91' lang='lat' dir='ltr'>super</span> <span class='ocrx_word' id='word_1_32' title='bbox 727 1185 839 1246; x_wconf 86' lang='lat' dir='ltr'>altaria</span> <span class='ocrx_word' id='word_1_33' title='bbox 863 1187 1017 1268; x_wconf 91' lang='lat' dir='ltr'>ponendi.</span> 
     </span>
    </p>

    <p class='ocr_par' dir='ltr' id='par_1_7' title="bbox 361 1290 998 1374">
     <span class='ocr_line' id='line_1_7' title="bbox 361 1290 998 1374; baseline 0.002 -23"><span class='ocrx_word' id='word_1_34' title='bbox 361 1290 433 1352; x_wconf 89' lang='lat' dir='ltr'>Una</span> <span class='ocrx_word' id='word_1_35' title='bbox 456 1290 565 1353; x_wconf 90' lang='lat' dir='ltr'>ladula</span> <span class='ocrx_word' id='word_1_36' title='bbox 589 1311 662 1353; x_wconf 91' lang='lat' dir='ltr'>curn</span> <span class='ocrx_word' id='word_1_37' title='bbox 687 1291 832 1373; x_wconf 90' lang='lat' dir='ltr'>reliquiis</span> <span class='ocrx_word' id='word_1_38' title='bbox 857 1291 998 1374; x_wconf 89' lang='lat' dir='ltr'>impleta.</span> 
     </span>
    </p>

    <p class='ocr_par' dir='ltr' id='par_1_8' title="bbox 360 1397 1045 1481">
     <span class='ocr_line' id='line_1_8' title="bbox 360 1397 1045 1481; baseline 0.004 -22"><span class='ocrx_word' id='word_1_39' title='bbox 360 1397 469 1459; x_wconf 89' lang='lat' dir='ltr'>Unum</span> <span class='ocrx_word' id='word_1_40' title='bbox 495 1398 622 1460; x_wconf 89' lang='lat' dir='ltr'>Missale</span> <span class='ocrx_word' id='word_1_41' title='bbox 648 1399 680 1460; x_wconf 94' lang='lat' dir='ltr'>in</span> <span class='ocrx_word' id='word_1_42' title='bbox 705 1400 818 1481; x_wconf 83' lang='lat' dir='ltr'>papiro</span> <span class='ocrx_word' id='word_1_43' title='bbox 843 1397 1045 1480; x_wconf 87' lang='lat' dir='ltr'>impressum.</span> 
     </span>
    </p>

    <p class='ocr_par' dir='ltr' id='par_1_9' title="bbox 360 1502 1057 1588">
     <span class='ocr_line' id='line_1_9' title="bbox 360 1502 1057 1588; baseline 0.006 -23"><span class='ocrx_word' id='word_1_44' title='bbox 360 1502 432 1566; x_wconf 91' lang='lat' dir='ltr'>Duo</span> <span class='ocrx_word' id='word_1_45' title='bbox 458 1505 600 1567; x_wconf 89' lang='lat' dir='ltr'>Missalia</span> <span class='ocrx_word' id='word_1_46' title='bbox 625 1505 656 1566; x_wconf 96' lang='lat' dir='ltr'>in</span> <span class='ocrx_word' id='word_1_47' title='bbox 681 1524 889 1588; x_wconf 77' lang='lat' dir='ltr'>pergameno,</span> <span class='ocrx_word' id='word_1_48' title='bbox 915 1505 1057 1587; x_wconf 85' lang='lat' dir='ltr'>antiqua.</span> 
     </span>
    </p>

    <p class='ocr_par' dir='ltr' id='par_1_10' title="bbox 359 1609 1344 1696">
     <span class='ocr_line' id='line_1_10' title="bbox 359 1609 1344 1696; baseline 0.005 -24"><span class='ocrx_word' id='word_1_49' title='bbox 359 1609 633 1693; x_wconf 85' lang='lat' dir='ltr'>Antiphonarium</span> <span class='ocrx_word' id='word_1_50' title='bbox 658 1623 690 1674; x_wconf 89' lang='lat' dir='ltr'>et</span> <span class='ocrx_word' id='word_1_51' title='bbox 714 1610 876 1674; x_wconf 88' lang='lat' dir='ltr'>Graduale</span> <span class='ocrx_word' id='word_1_52' title='bbox 912 1611 944 1672; x_wconf 92' lang='lat' dir='ltr'>in</span> <span class='ocrx_word' id='word_1_53' title='bbox 969 1631 1176 1694; x_wconf 89' lang='lat' dir='ltr'>pargameno,</span> <span class='ocrx_word' id='word_1_54' title='bbox 1202 1614 1344 1696; x_wconf 89' lang='lat' dir='ltr'>antiqua.</span> 
     </span>
    </p>

    <p class='ocr_par' dir='ltr' id='par_1_11' title="bbox 359 1717 1409 1803">
     <span class='ocr_line' id='line_1_11' title="bbox 359 1717 1409 1803; baseline 0.003 -23"><span class='ocrx_word' id='word_1_55' title='bbox 359 1717 559 1781; x_wconf 87' lang='lat' dir='ltr'>Breviarium</span> <span class='ocrx_word' id='word_1_56' title='bbox 584 1719 721 1781; x_wconf 91' lang='lat' dir='ltr'>condam</span> <span class='ocrx_word' id='word_1_57' title='bbox 748 1717 852 1780; x_wconf 82' lang='lat' dir='ltr'>fratris</span> <span class='ocrx_word' id='word_1_58' title='bbox 876 1718 987 1780; x_wconf 91' lang='lat' dir='ltr'>Jacobi</span> <span class='ocrx_word' id='word_1_59' title='bbox 1012 1719 1203 1802; x_wconf 87' lang='lat' dir='ltr'>impressum</span> <span class='ocrx_word' id='word_1_60' title='bbox 1228 1720 1260 1781; x_wconf 94' lang='lat' dir='ltr'>in</span> <span class='ocrx_word' id='word_1_61' title='bbox 1285 1721 1409 1803; x_wconf 91' lang='lat' dir='ltr'>papir0.</span> 
     </span>
    </p>

    <p class='ocr_par' dir='ltr' id='par_1_12' title="bbox 359 1825 989 1908">
     <span class='ocr_line' id='line_1_12' title="bbox 359 1825 989 1908; baseline -0.002 -20"><span class='ocrx_word' id='word_1_62' title='bbox 359 1825 469 1888; x_wconf 91' lang='lat' dir='ltr'>Unum</span> <span class='ocrx_word' id='word_1_63' title='bbox 495 1825 623 1888; x_wconf 90' lang='lat' dir='ltr'>Missale</span> <span class='ocrx_word' id='word_1_64' title='bbox 647 1845 780 1907; x_wconf 90' lang='lat' dir='ltr'>parvum</span> <span class='ocrx_word' id='word_1_65' title='bbox 807 1825 839 1886; x_wconf 92' lang='lat' dir='ltr'>in</span> <span class='ocrx_word' id='word_1_66' title='bbox 864 1826 989 1908; x_wconf 94' lang='lat' dir='ltr'>papiro.</span> 
     </span>
    </p>

    <p class='ocr_par' dir='ltr' id='par_1_13' title="bbox 362 1931 1330 2015">
     <span class='ocr_line' id='line_1_13' title="bbox 362 1931 1330 2015; baseline 0.004 -22"><span class='ocrx_word' id='word_1_67' title='bbox 362 1931 560 1994; x_wconf 81' lang='lat' dir='ltr'>Breviorium</span> <span class='ocrx_word' id='word_1_68' title='bbox 585 1946 615 1993; x_wconf 88' lang='lat' dir='ltr'>et</span> <span class='ocrx_word' id='word_1_69' title='bbox 638 1932 786 2015; x_wconf 88' lang='lat' dir='ltr'>psalteria</span> <span class='ocrx_word' id='word_1_70' title='bbox 812 1931 909 1992; x_wconf 91' lang='lat' dir='ltr'>simul</span> <span class='ocrx_word' id='word_1_71' title='bbox 934 1931 1054 1993; x_wconf 87' lang='lat' dir='ltr'>nullius</span> <span class='ocrx_word' id='word_1_72' title='bbox 1079 1933 1223 1994; x_wconf 80' lang='lat' dir='ltr'>utilitatis</span> <span class='ocrx_word' id='word_1_73' title='bbox 1248 1947 1330 1998; x_wconf 90' lang='lat' dir='ltr'>octo.</span> 
     </span>
    </p>

    <p class='ocr_par' dir='ltr' id='par_1_14' title="bbox 357 2037 1229 2121">
     <span class='ocr_line' id='line_1_14' title="bbox 357 2037 1229 2121; baseline 0.002 -21"><span class='ocrx_word' id='word_1_74' title='bbox 357 2037 434 2101; x_wconf 87' lang='lat' dir='ltr'>ltem</span> <span class='ocrx_word' id='word_1_75' title='bbox 459 2059 560 2101; x_wconf 92' lang='lat' dir='ltr'>unum</span> <span class='ocrx_word' id='word_1_76' title='bbox 586 2039 714 2101; x_wconf 90' lang='lat' dir='ltr'>Missale</span> <span class='ocrx_word' id='word_1_77' title='bbox 739 2039 771 2100; x_wconf 94' lang='lat' dir='ltr'>in</span> <span class='ocrx_word' id='word_1_78' title='bbox 795 2039 908 2121; x_wconf 89' lang='lat' dir='ltr'>papiro</span> <span class='ocrx_word' id='word_1_79' title='bbox 933 2058 998 2100; x_wconf 91' lang='lat' dir='ltr'>non</span> <span class='ocrx_word' id='word_1_80' title='bbox 1023 2039 1229 2120; x_wconf 90' lang='lat' dir='ltr'>completum.</span> 
     </span>
    </p>

    <p class='ocr_par' dir='ltr' id='par_1_15' title="bbox 356 2144 1004 2209">
     <span class='ocr_line' id='line_1_15' title="bbox 356 2144 1004 2209; baseline -0.002 -1"><span class='ocrx_word' id='word_1_81' title='bbox 356 2146 428 2209; x_wconf 88' lang='lat' dir='ltr'>Una</span> <span class='ocrx_word' id='word_1_82' title='bbox 453 2146 561 2208; x_wconf 87' lang='lat' dir='ltr'>ladula</span> <span class='ocrx_word' id='word_1_83' title='bbox 587 2146 723 2208; x_wconf 90' lang='lat' dir='ltr'>condam</span> <span class='ocrx_word' id='word_1_84' title='bbox 750 2144 854 2206; x_wconf 86' lang='lat' dir='ltr'>fratris</span> <span class='ocrx_word' id='word_1_85' title='bbox 883 2145 1004 2207; x_wconf 87' lang='lat' dir='ltr'>Jacobi.</span> 
     </span>
    </p>

    <p class='ocr_par' dir='ltr' id='par_1_16' title="bbox 355 2251 997 2334">
     <span class='ocr_line' id='line_1_16' title="bbox 355 2251 997 2334; baseline 0.002 -19"><span class='ocrx_word' id='word_1_86' title='bbox 355 2252 493 2326; x_wconf 88' lang='lat' dir='ltr'>Qattuor</span> <span class='ocrx_word' id='word_1_87' title='bbox 516 2253 707 2316; x_wconf 89' lang='lat' dir='ltr'>candelabra</span> <span class='ocrx_word' id='word_1_88' title='bbox 733 2251 845 2332; x_wconf 88' lang='lat' dir='ltr'>ferrea,</span> <span class='ocrx_word' id='word_1_89' title='bbox 871 2272 997 2334; x_wconf 89' lang='lat' dir='ltr'>magna.</span> 
     </span>
    </p>

    <p class='ocr_par' dir='ltr' id='par_1_17' title="bbox 359 2359 989 2422">
     <span class='ocr_line' id='line_1_17' title="bbox 359 2359 989 2422; baseline 0 0"><span class='ocrx_word' id='word_1_90' title='bbox 359 2359 467 2422; x_wconf 90' lang='lat' dir='ltr'>Unum</span> <span class='ocrx_word' id='word_1_91' title='bbox 492 2360 644 2422; x_wconf 90' lang='lat' dir='ltr'>scrinium</span> <span class='ocrx_word' id='word_1_92' title='bbox 669 2374 760 2420; x_wconf 84' lang='lat' dir='ltr'>vetus</span> <span class='ocrx_word' id='word_1_93' title='bbox 777 2359 808 2420; x_wconf 92' lang='lat' dir='ltr'>in</span> <span class='ocrx_word' id='word_1_94' title='bbox 837 2359 989 2422; x_wconf 84' lang='lat' dir='ltr'>sacristia.</span> 
     </span>
    </p>

    <p class='ocr_par' dir='ltr' id='par_1_18' title="bbox 359 2466 822 2529">
     <span class='ocr_line' id='line_1_18' title="bbox 359 2466 822 2529; baseline 0 -1"><span class='ocrx_word' id='word_1_95' title='bbox 359 2466 467 2529; x_wconf 92' lang='lat' dir='ltr'>Unum</span> <span class='ocrx_word' id='word_1_96' title='bbox 493 2467 665 2528; x_wconf 89' lang='lat' dir='ltr'>armarium</span> <span class='ocrx_word' id='word_1_97' title='bbox 690 2466 822 2528; x_wconf 90' lang='lat' dir='ltr'>ibidem.</span> 
     </span>
    </p>

    <p class='ocr_par' dir='ltr' id='par_1_19' title="bbox 358 2573 1111 2657">
     <span class='ocr_line' id='line_1_19' title="bbox 358 2573 1111 2657; baseline 0.001 -23"><span class='ocrx_word' id='word_1_98' title='bbox 358 2573 481 2635; x_wconf 91' lang='lat' dir='ltr'>Ladule</span> <span class='ocrx_word' id='word_1_99' title='bbox 505 2593 601 2657; x_wconf 87' lang='lat' dir='ltr'>parve</span> <span class='ocrx_word' id='word_1_100' title='bbox 627 2587 750 2636; x_wconf 86' lang='lat' dir='ltr'>veteres</span> <span class='ocrx_word' id='word_1_101' title='bbox 775 2573 837 2634; x_wconf 92' lang='lat' dir='ltr'>due</span> <span class='ocrx_word' id='word_1_102' title='bbox 863 2573 931 2634; x_wconf 90' lang='lat' dir='ltr'>sine</span> <span class='ocrx_word' id='word_1_103' title='bbox 956 2573 1111 2636; x_wconf 89' lang='lat' dir='ltr'>clavibus.</span> 
     </span>
    </p>

    <p class='ocr_par' dir='ltr' id='par_1_20' title="bbox 357 2680 774 2764">
     <span class='ocr_line' id='line_1_20' title="bbox 357 2680 774 2764; baseline 0 -21"><span class='ocrx_word' id='word_1_104' title='bbox 357 2680 485 2764; x_wconf 88' lang='lat' dir='ltr'>Cuprea</span> <span class='ocrx_word' id='word_1_105' title='bbox 509 2681 673 2743; x_wconf 91' lang='lat' dir='ltr'>thuribula</span> <span class='ocrx_word' id='word_1_106' title='bbox 698 2681 774 2744; x_wconf 78' lang='lat' dir='ltr'>duo,</span> 
     </span>
    </p>

    <p class='ocr_par' dir='ltr' id='par_1_21' title="bbox 254 2785 1512 2958">
     <span class='ocr_line' id='line_1_21' title="bbox 357 2785 1512 2867; baseline -0.003 -17"><span class='ocrx_word' id='word_1_107' title='bbox 357 2787 466 2850; x_wconf 92' lang='lat' dir='ltr'>Unum</span> <span class='ocrx_word' id='word_1_108' title='bbox 491 2788 655 2850; x_wconf 89' lang='lat' dir='ltr'>humerale</span> <span class='ocrx_word' id='word_1_109' title='bbox 680 2807 752 2850; x_wconf 91' lang='lat' dir='ltr'>cum</span> <span class='ocrx_word' id='word_1_110' title='bbox 778 2807 857 2850; x_wconf 90' lang='lat' dir='ltr'>auro</span> <span class='ocrx_word' id='word_1_111' title='bbox 889 2801 1020 2866; x_wconf 85' lang='lat' dir='ltr'>textum,</span> <span class='ocrx_word' id='word_1_112' title='bbox 1052 2807 1185 2865; x_wconf 88' lang='lat' dir='ltr'>novum,</span> <span class='ocrx_word' id='word_1_113' title='bbox 1219 2785 1313 2848; x_wconf 91' lang='lat' dir='ltr'>llabet</span> <span class='ocrx_word' id='word_1_114' title='bbox 1339 2786 1512 2867; x_wconf 83' lang='lat' dir='ltr'>imaginem</span> 
     </span>
     <span class='ocr_line' id='line_1_22' title="bbox 254 2893 437 2958; baseline 0.016 -4"><span class='ocrx_word' id='word_1_115' title='bbox 254 2893 437 2958; x_wconf 86' lang='lat' dir='ltr'>Salvatoris.</span> 
     </span>
    </p>

    <p class='ocr_par' dir='ltr' id='par_1_22' title="bbox 355 3001 952 3083">
     <span class='ocr_line' id='line_1_23' title="bbox 355 3001 952 3083; baseline -0.005 -20"><span class='ocrx_word' id='word_1_116' title='bbox 355 3001 434 3063; x_wconf 90' lang='lat' dir='ltr'>Item</span> <span class='ocrx_word' id='word_1_117' title='bbox 458 3001 623 3083; x_wconf 89' lang='lat' dir='ltr'>thapetum</span> <span class='ocrx_word' id='word_1_118' title='bbox 648 3001 816 3082; x_wconf 90' lang='lat' dir='ltr'>antiquum</span> <span class='ocrx_word' id='word_1_119' title='bbox 843 3019 952 3061; x_wconf 91' lang='lat' dir='ltr'>unum.</span> 
     </span>
    </p>

    <p class='ocr_par' dir='ltr' id='par_1_23' title="bbox 357 3104 1206 3190">
     <span class='ocr_line' id='line_1_24' title="bbox 357 3104 1206 3190; baseline -0.004 -20"><span class='ocrx_word' id='word_1_120' title='bbox 357 3109 480 3170; x_wconf 89' lang='lat' dir='ltr'>Ladula</span> <span class='ocrx_word' id='word_1_121' title='bbox 504 3129 566 3170; x_wconf 90' lang='lat' dir='ltr'>una</span> <span class='ocrx_word' id='word_1_122' title='bbox 592 3127 689 3190; x_wconf 90' lang='lat' dir='ltr'>quarn</span> <span class='ocrx_word' id='word_1_123' title='bbox 714 3107 852 3170; x_wconf 86' lang='lat' dir='ltr'>restituit</span> <span class='ocrx_word' id='word_1_124' title='bbox 876 3107 1027 3168; x_wconf 90' lang='lat' dir='ltr'>dominus</span> <span class='ocrx_word' id='word_1_125' title='bbox 1052 3104 1206 3168; x_wconf 86' lang='lat' dir='ltr'>Bradacb.</span> 
     </span>
    </p>

    <p class='ocr_par' dir='ltr' id='par_1_24' title="bbox 357 3211 1513 3298">
     <span class='ocr_line' id='line_1_25' title="bbox 357 3211 1513 3298; baseline -0.007 -20"><span class='ocrx_word' id='word_1_126' title='bbox 357 3215 475 3278; x_wconf 92' lang='lat' dir='ltr'>Omnia</span> <span class='ocrx_word' id='word_1_127' title='bbox 514 3215 583 3298; x_wconf 89' lang='lat' dir='ltr'>jura</span> <span class='ocrx_word' id='word_1_128' title='bbox 619 3215 718 3297; x_wconf 90' lang='lat' dir='ltr'>ipsius</span> <span class='ocrx_word' id='word_1_129' title='bbox 755 3213 887 3275; x_wconf 89' lang='lat' dir='ltr'>ecclesie</span> <span class='ocrx_word' id='word_1_130' title='bbox 926 3213 957 3273; x_wconf 94' lang='lat' dir='ltr'>in</span> <span class='ocrx_word' id='word_1_131' title='bbox 991 3211 1130 3293; x_wconf 92' lang='lat' dir='ltr'>quadam</span> <span class='ocrx_word' id='word_1_132' title='bbox 1164 3211 1272 3272; x_wconf 87' lang='lat' dir='ltr'>ladula</span> <span class='ocrx_word' id='word_1_133' title='bbox 1310 3231 1405 3292; x_wconf 85' lang='lat' dir='ltr'>parva</span> <span class='ocrx_word' id='word_1_134' title='bbox 1442 3229 1513 3270; x_wconf 88' lang='lat' dir='ltr'>cum</span> 
     </span>
    </p>
   </div>
   <div class='ocr_carea' id='block_1_2' title="bbox 251 3325 1219 3511">
    <p class='ocr_par' dir='ltr' id='par_1_25' title="bbox 251 3325 1219 3511">
     <span class='ocr_line' id='line_1_26' title="bbox 251 3325 406 3387; baseline 0.006 -1"><span class='ocrx_word' id='word_1_135' title='bbox 251 3325 406 3387; x_wconf 89' lang='lat' dir='ltr'>clausura.</span> 
     </span>
     <span class='ocr_line' id='line_1_27' title="bbox 356 3423 1219 3511; baseline -0.012 -18"><span class='ocrx_word' id='word_1_136' title='bbox 356 3431 437 3492; x_wconf 90' lang='lat' dir='ltr'>Tres</span> <span class='ocrx_word' id='word_1_137' title='bbox 462 3429 596 3511; x_wconf 83' lang='lat' dir='ltr'>ligones,</span> <span class='ocrx_word' id='word_1_138' title='bbox 621 3447 701 3508; x_wconf 87' lang='lat' dir='ltr'>quas</span> <span class='ocrx_word' id='word_1_139' title='bbox 725 3426 843 3508; x_wconf 89' lang='lat' dir='ltr'>legavit</span> <span class='ocrx_word' id='word_1_140' title='bbox 868 3423 1047 3506; x_wconf 86' lang='lat' dir='ltr'>Gregorius</span> <span class='ocrx_word' id='word_1_141' title='bbox 1077 3423 1219 3505; x_wconf 87' lang='lat' dir='ltr'>Zedyna.</span> 
     </span>
    </p>
   </div>
   <div class='ocr_carea' id='block_1_3' title="bbox 251 3670 1513 3869">
    <p class='ocr_par' dir='ltr' id='par_1_26' title="bbox 251 3670 1513 3869">
     <span class='ocr_line' id='line_1_28' title="bbox 255 3670 1512 3754; baseline -0.011 -11"><span class='ocrx_word' id='word_1_142' title='bbox 255 3681 353 3742; x_wconf 87' lang='lat' dir='ltr'>lura</span> <span class='ocrx_word' id='word_1_143' title='bbox 387 3694 425 3742; x_wconf 88' lang='lat' dir='ltr'>et</span> <span class='ocrx_word' id='word_1_144' title='bbox 456 3677 651 3741; x_wconf 82' lang='lat' dir='ltr'>litoralia</span> <span class='ocrx_word' id='word_1_145' title='bbox 685 3677 970 3738; x_wconf 89' lang='lat' dir='ltr'>instrumenta</span> <span class='ocrx_word' id='word_1_146' title='bbox 1004 3673 1141 3754; x_wconf 92' lang='lat' dir='ltr'>ipsius</span> <span class='ocrx_word' id='word_1_147' title='bbox 1174 3671 1447 3753; x_wconf 88' lang='lat' dir='ltr'>prepositure</span> <span class='ocrx_word' id='word_1_148' title='bbox 1473 3670 1512 3730; x_wconf 88' lang='lat' dir='ltr'>in</span> 
     </span>
     <span class='ocr_line' id='line_1_29' title="bbox 251 3776 1513 3869; baseline -0.011 -20"><span class='ocrx_word' id='word_1_149' title='bbox 251 3788 466 3869; x_wconf 87' lang='lat' dir='ltr'>presripta</span> <span class='ocrx_word' id='word_1_150' title='bbox 498 3784 644 3846; x_wconf 86' lang='lat' dir='ltr'>ladula</span> <span class='ocrx_word' id='word_1_151' title='bbox 677 3783 841 3859; x_wconf 91' lang='lat' dir='ltr'>habita,</span> <span class='ocrx_word' id='word_1_152' title='bbox 883 3781 1017 3842; x_wconf 89' lang='lat' dir='ltr'>eidem</span> <span class='ocrx_word' id='word_1_153' title='bbox 1051 3777 1413 3840; x_wconf 90' lang='lat' dir='ltr'>reverendissimo</span> <span class='ocrx_word' id='word_1_154' title='bbox 1447 3776 1513 3836; x_wconf 92' lang='lat' dir='ltr'>do-</span> 
     </span>
    </p>
   </div>
   <div class='ocr_carea' id='block_1_4' title="bbox 460 3889 1298 3972">
    <p class='ocr_par' dir='ltr' id='par_1_27' title="bbox 460 3889 1298 3972">
     <span class='ocr_line' id='line_1_30' title="bbox 460 3889 1298 3972; baseline -0.013 -17"><span class='ocrx_word' id='word_1_155' title='bbox 460 3894 571 3954; x_wconf 94' lang='lat' dir='ltr'>mino</span> <span class='ocrx_word' id='word_1_156' title='bbox 604 3891 768 3952; x_wconf 82' lang='lat' dir='ltr'>Andree</span> <span class='ocrx_word' id='word_1_157' title='bbox 802 3889 1005 3972; x_wconf 88' lang='lat' dir='ltr'>episcopo</span> <span class='ocrx_word' id='word_1_158' title='bbox 1040 3898 1298 3968; x_wconf 88' lang='lat' dir='ltr'>presentata.</span> 
     </span>
    </p>
   </div>
   <div class='ocr_carea' id='block_1_5' title="bbox 249 4041 1510 4346">
    <p class='ocr_par' dir='ltr' id='par_1_28' title="bbox 249 4041 1510 4346">
     <span class='ocr_line' id='line_1_31' title="bbox 354 4041 1506 4136; baseline -0.015 -20"><span class='ocrx_word' id='word_1_159' title='bbox 354 4053 430 4117; x_wconf 92' lang='lat' dir='ltr'>ltem</span> <span class='ocrx_word' id='word_1_160' title='bbox 451 4054 561 4136; x_wconf 84' lang='lat' dir='ltr'>‘primo</span> <span class='ocrx_word' id='word_1_161' title='bbox 586 4052 677 4113; x_wconf 88' lang='lat' dir='ltr'>litere</span> <span class='ocrx_word' id='word_1_162' title='bbox 708 4049 963 4112; x_wconf 85' lang='lat' dir='ltr'>sentencionales</span> <span class='ocrx_word' id='word_1_163' title='bbox 995 4067 1067 4109; x_wconf 91' lang='lat' dir='ltr'>cum</span> <span class='ocrx_word' id='word_1_164' title='bbox 1101 4045 1231 4108; x_wconf 90' lang='lat' dir='ltr'>brachio</span> <span class='ocrx_word' id='word_1_165' title='bbox 1263 4041 1396 4105; x_wconf 89' lang='lat' dir='ltr'>seculari</span> <span class='ocrx_word' id='word_1_166' title='bbox 1422 4059 1506 4101; x_wconf 88' lang='lat' dir='ltr'>sere·</span> 
     </span>
     <span class='ocr_line' id='line_1_32' title="bbox 250 4145 1510 4239; baseline -0.013 -17"><span class='ocrx_word' id='word_1_167' title='bbox 250 4161 383 4223; x_wconf 90' lang='lat' dir='ltr'>nissimo</span> <span class='ocrx_word' id='word_1_168' title='bbox 409 4159 543 4222; x_wconf 90' lang='lat' dir='ltr'>domino</span> <span class='ocrx_word' id='word_1_169' title='bbox 569 4158 688 4220; x_wconf 83' lang='lat' dir='ltr'>Mathis</span> <span class='ocrx_word' id='word_1_170' title='bbox 724 4157 789 4239; x_wconf 90' lang='lat' dir='ltr'>regi</span> <span class='ocrx_word' id='word_1_171' title='bbox 816 4155 981 4236; x_wconf 87' lang='lat' dir='ltr'>Hungarie</span> <span class='ocrx_word' id='word_1_172' title='bbox 1012 4167 1179 4232; x_wconf 86' lang='lat' dir='ltr'>sonantes,</span> <span class='ocrx_word' id='word_1_173' title='bbox 1204 4152 1263 4212; x_wconf 88' lang='lat' dir='ltr'>sub</span> <span class='ocrx_word' id='word_1_174' title='bbox 1296 4149 1427 4210; x_wconf 90' lang='lat' dir='ltr'>nomine</span> <span class='ocrx_word' id='word_1_175' title='bbox 1455 4145 1510 4208; x_wconf 84' lang='lat' dir='ltr'>Vi&#39;·</span> 
     </span>
     <span class='ocr_line' id='line_1_33' title="bbox 249 4260 1508 4346; baseline -0.014 -15"><span class='ocrx_word' id='word_1_176' title='bbox 249 4269 358 4330; x_wconf 85' lang='lat' dir='ltr'>nrandi</span> <span class='ocrx_word' id='word_1_177' title='bbox 383 4268 507 4330; x_wconf 87' lang='lat' dir='ltr'>abbatis</span> <span class='ocrx_word' id='word_1_178' title='bbox 531 4268 623 4328; x_wconf 86' lang='lat' dir='ltr'>beate</span> <span class='ocrx_word' id='word_1_179' title='bbox 655 4265 788 4346; x_wconf 88' lang='lat' dir='ltr'>virginis</span> <span class='ocrx_word' id='word_1_180' title='bbox 821 4265 851 4324; x_wconf 92' lang='lat' dir='ltr'>in</span> <span class='ocrx_word' id='word_1_181' title='bbox 878 4262 1045 4342; x_wconf 88' lang='lat' dir='ltr'>Zagrabia,</span> <span class='ocrx_word' id='word_1_182' title='bbox 1077 4260 1108 4320; x_wconf 91' lang='lat' dir='ltr'>in</span> <span class='ocrx_word' id='word_1_183' title='bbox 1142 4275 1338 4341; x_wconf 77' lang='lat' dir='ltr'>pergameno</span> <span class='ocrx_word' id='word_1_184' title='bbox 1364 4267 1508 4336; x_wconf 86' lang='lat' dir='ltr'>patenter</span> 
     </span>
    </p>
   </div>
   <div class='ocr_carea' id='block_1_6' title="bbox 248 4373 1510 4560">
    <p class='ocr_par' dir='ltr' id='par_1_29' title="bbox 248 4373 1510 4560">
     <span class='ocr_line' id='line_1_34' title="bbox 248 4373 402 4438; baseline -0.006 0"><span class='ocrx_word' id='word_1_185' title='bbox 248 4373 402 4438; x_wconf 85' lang='lat' dir='ltr'>conlecte.</span> 
     </span>
     <span class='ocr_line' id='line_1_35' title="bbox 353 4467 1510 4560; baseline -0.015 -17"><span class='ocrx_word' id='word_1_186' title='bbox 353 4479 500 4544; x_wconf 91' lang='lat' dir='ltr'>Secunde</span> <span class='ocrx_word' id='word_1_187' title='bbox 532 4479 624 4540; x_wconf 90' lang='lat' dir='ltr'>litere</span> <span class='ocrx_word' id='word_1_188' title='bbox 656 4475 872 4560; x_wconf 86' lang='lat' dir='ltr'>privilegiales</span> <span class='ocrx_word' id='word_1_189' title='bbox 911 4493 1006 4556; x_wconf 87' lang='lat' dir='ltr'>super</span> <span class='ocrx_word' id='word_1_190' title='bbox 1049 4474 1142 4536; x_wconf 87' lang='lat' dir='ltr'>certis</span> <span class='ocrx_word' id='word_1_191' title='bbox 1174 4469 1430 4554; x_wconf 89' lang='lat' dir='ltr'>possessionibus</span> <span class='ocrx_word' id='word_1_192' title='bbox 1471 4467 1510 4528; x_wconf 93' lang='lat' dir='ltr'>ad</span> 
     </span>
    </p>
   </div>
   <div class='ocr_carea' id='block_1_7' title="bbox 248 4571 1510 4774">
    <p class='ocr_par' dir='ltr' id='par_1_30' title="bbox 248 4571 1510 4774">
     <span class='ocr_line' id='line_1_36' title="bbox 248 4571 1507 4664; baseline -0.014 -13"><span class='ocrx_word' id='word_1_193' title='bbox 248 4589 382 4652; x_wconf 88' lang='lat' dir='ltr'>eandem</span> <span class='ocrx_word' id='word_1_194' title='bbox 408 4587 576 4649; x_wconf 88' lang='lat' dir='ltr'>ecclesiam</span> <span class='ocrx_word' id='word_1_195' title='bbox 601 4588 692 4648; x_wconf 88' lang='lat' dir='ltr'>beate</span> <span class='ocrx_word' id='word_1_196' title='bbox 717 4583 850 4664; x_wconf 86' lang='lat' dir='ltr'>virginis</span> <span class='ocrx_word' id='word_1_197' title='bbox 882 4581 1100 4664; x_wconf 86' lang='lat' dir='ltr'>spectantibus</span> <span class='ocrx_word' id='word_1_198' title='bbox 1128 4578 1251 4640; x_wconf 91' lang='lat' dir='ltr'>domini</span> <span class='ocrx_word' id='word_1_199' title='bbox 1277 4571 1389 4638; x_wconf 88' lang='lat' dir='ltr'>Karoli</span> <span class='ocrx_word' id='word_1_200' title='bbox 1412 4574 1507 4656; x_wconf 89' lang='lat' dir='ltr'>regis.</span> 
     </span>
     <span class='ocr_line' id='line_1_37' title="bbox 352 4679 1510 4774; baseline -0.015 -17"><span class='ocrx_word' id='word_1_201' title='bbox 352 4695 469 4757; x_wconf 88' lang='lat' dir='ltr'>Tercie</span> <span class='ocrx_word' id='word_1_202' title='bbox 494 4695 586 4756; x_wconf 90' lang='lat' dir='ltr'>litere</span> <span class='ocrx_word' id='word_1_203' title='bbox 610 4691 742 4774; x_wconf 82' lang='lat' dir='ltr'>capituli</span> <span class='ocrx_word' id='word_1_204' title='bbox 761 4689 893 4752; x_wconf 88' lang='lat' dir='ltr'>ecclesie</span> <span class='ocrx_word' id='word_1_205' title='bbox 911 4687 1128 4770; x_wconf 87' lang='lat' dir='ltr'>zagrabiensis</span> <span class='ocrx_word' id='word_1_206' title='bbox 1153 4703 1249 4766; x_wconf 90' lang='lat' dir='ltr'>super</span> <span class='ocrx_word' id='word_1_207' title='bbox 1273 4682 1442 4764; x_wconf 88' lang='lat' dir='ltr'>empcione</span> <span class='ocrx_word' id='word_1_208' title='bbox 1461 4679 1510 4740; x_wconf 95' lang='lat' dir='ltr'>ln·</span> 
     </span>
    </p>
   </div>
   <div class='ocr_carea' id='block_1_8' title="bbox 246 4797 769 4885">
    <p class='ocr_par' dir='ltr' id='par_1_31' title="bbox 246 4797 769 4885">
     <span class='ocr_line' id='line_1_38' title="bbox 246 4797 769 4885; baseline -0.008 -21"><span class='ocrx_word' id='word_1_209' title='bbox 246 4803 326 4882; x_wconf 88' lang='lat' dir='ltr'>sule,</span> <span class='ocrx_word' id='word_1_210' title='bbox 351 4801 594 4885; x_wconf 87' lang='lat' dir='ltr'>privilegialiter</span> <span class='ocrx_word' id='word_1_211' title='bbox 616 4797 769 4860; x_wconf 78' lang='lat' dir='ltr'>confecto.</span> 
     </span>
    </p>
   </div>
   <div class='ocr_carea' id='block_1_9' title="bbox 245 4913 1509 5116">
    <p class='ocr_par' dir='ltr' id='par_1_32' title="bbox 245 4913 1509 5116">
     <span class='ocr_line' id='line_1_39' title="bbox 354 4913 1509 5004; baseline -0.016 -15"><span class='ocrx_word' id='word_1_212' title='bbox 354 4927 474 5000; x_wconf 79' lang='lat' dir='ltr'>Quarto</span> <span class='ocrx_word' id='word_1_213' title='bbox 499 4926 589 4987; x_wconf 89' lang='lat' dir='ltr'>litere</span> <span class='ocrx_word' id='word_1_214' title='bbox 614 4924 758 4986; x_wconf 89' lang='lat' dir='ltr'>eiusdem</span> <span class='ocrx_word' id='word_1_215' title='bbox 777 4921 907 5004; x_wconf 84' lang='lat' dir='ltr'>capituli</span> <span class='ocrx_word' id='word_1_216' title='bbox 927 4918 1142 5000; x_wconf 83' lang='lat' dir='ltr'>zagrabiensis</span> <span class='ocrx_word' id='word_1_217' title='bbox 1171 4915 1210 4976; x_wconf 91' lang='lat' dir='ltr'>de</span> <span class='ocrx_word' id='word_1_218' title='bbox 1229 4913 1305 4974; x_wconf 91' lang='lat' dir='ltr'>turri</span> <span class='ocrx_word' id='word_1_219' title='bbox 1332 4913 1416 4973; x_wconf 85' lang='lat' dir='ltr'>iuxta</span> <span class='ocrx_word' id='word_1_220' title='bbox 1436 4931 1509 4992; x_wconf 91' lang='lat' dir='ltr'>por·</span> 
     </span>
     <span class='ocr_line' id='line_1_40' title="bbox 245 5025 1086 5116; baseline -0.017 -19"><span class='ocrx_word' id='word_1_221' title='bbox 245 5049 323 5114; x_wconf 89' lang='lat' dir='ltr'>tarn,</span> <span class='ocrx_word' id='word_1_222' title='bbox 337 5053 434 5116; x_wconf 88' lang='lat' dir='ltr'>quam</span> <span class='ocrx_word' id='word_1_223' title='bbox 459 5044 596 5114; x_wconf 87' lang='lat' dir='ltr'>occupat</span> <span class='ocrx_word' id='word_1_224' title='bbox 619 5029 863 5091; x_wconf 85' lang='lat' dir='ltr'>archidiaconus</span> <span class='ocrx_word' id='word_1_225' title='bbox 892 5025 1086 5088; x_wconf 90' lang='lat' dir='ltr'>Goricensis.</span> 
     </span>
    </p>
   </div>
   <div class='ocr_carea' id='block_1_10' title="bbox 0 0 1906 5798">
    <p class='ocr_par' dir='ltr' id='par_1_33' title="bbox 0 0 1906 5798">
     <span class='ocr_line' id='line_1_41' title="bbox 0 0 1906 5798; baseline 0 5"><span class='ocrx_word' id='word_1_226' title='bbox 0 0 1906 5798; x_wconf 95' lang='lat' dir='ltr'> </span> 
     </span>
    </p>
   </div>
  </div>
 </body>
</html>
