3804 5798
353 563 414 628 174
894 540 1075 604 lavinum.

454 757 543 837 Item,
568 756 688 840 phisica
713 757 869 835 AuIcene,
894 756 926 816 ln
948 773 1014 838 quo
1031 754 1196 816 volumine
1215 754 1419 816 continentur
1443 751 1535 815 multi
1554 751 1608 813 alii

348 877 510 944 tractatus,
534 877 565 926 et
578 863 692 946 incipit
708 864 739 925 in
764 863 856 945 nigro
877 863 992 924 »Liber
1016 863 1074 924 iste
1097 861 1251 923 dividitur
1268 861 1300 922 in
1317 873 1456 943 quatuor
1473 872 1612 942 partes«,

349 983 380 1031 et
403 969 474 1034 finit
497 971 527 1032 in
554 970 657 1053 prima
679 969 796 1052 pagina
820 969 952 1031 secundi
976 967 1044 1030 folii
1072 969 1130 1030 »sit
1162 967 1333 1049 quodlibet
1357 966 1554 1048 sIngulare«,
1578 977 1609 1024 et

349 1078 381 1138 io
406 1077 468 1139 fine
493 1077 566 1139 libri
590 1075 660 1138 finit
687 1096 813 1158 »neque
837 1074 992 1138 formatus
1017 1075 1049 1136 in
1073 1075 1226 1137 litteras«.

455 1201 544 1282 Item,
567 1202 712 1264 Auicena
729 1201 768 1264 de
793 1201 950 1283 regimine
966 1199 1121 1278 sanitatis,
1146 1213 1177 1261 et
1194 1199 1307 1281 incipit
1334 1197 1442 1280 »quod
1468 1197 1610 1278 regimen

348 1309 492 1370 sanitatis
515 1308 555 1371 sit
579 1308 828 1387 necessarium«,
853 1321 884 1368 et
908 1307 940 1368 in
966 1305 1028 1368 fine
1046 1306 1148 1388 prime
1165 1305 1282 1388 pagine
1299 1303 1432 1367 secundi
1457 1302 1527 1364 lolii
1544 1300 1615 1364 finit

352 1415 527 1495 »indigenti
560 1415 802 1494 calidioribus«,
834 1427 865 1476 et
897 1413 929 1476 In
961 1411 1024 1475 fine
1056 1413 1130 1474 libri
1162 1410 1233 1474 finit
1268 1425 1318 1474 »et
1342 1411 1442 1493 longo
1466 1424 1612 1493 tempore

349 1535 468 1583 vivat«.

459 1647 549 1726 Item,
562 1646 643 1708 liber
660 1644 961 1728 Anpharismorum,
974 1645 1086 1728 incipit
1103 1645 1186 1707 »vita
1199 1645 1315 1725 brevis,
1326 1663 1377 1706 ars
1393 1662 1469 1705 vero
1482 1643 1612 1725 longa«,

351 1767 381 1815 et
406 1754 437 1815 In
462 1753 525 1816 fine
550 1753 652 1836 prime
677 1753 793 1835 pagine
810 1752 942 1815 secundi
960 1750 1029 1814 lolii
1047 1751 1117 1814 finit
1144 1751 1333 1816 »confestim
1357 1750 1612 1829 subtillissima«,

349 1873 380 1922 et
404 1860 435 1921 in
460 1858 523 1922 fine
555 1859 628 1920 libri
660 1856 731 1920 finit
754 1878 827 1921 cum
850 1858 987 1945 '‘rubrica
1022 1859 1181 1942 »Explicit
1204 1872 1389 1922 comeatum
1423 1857 1489 1919 Alii
1515 1875 1611 1939 super

350 1965 611 2048 Themgalieni«.

457 2091 546 2170 Item,
571 2091 653 2152 liber
677 2089 832 2152 Iohannis
849 2090 1051 2172 Damasceni,
1075 2104 1106 2153 et
1121 2091 1234 2174 incipit
1253 2090 1386 2152 »liberet
1409 2103 1439 2152 te
1464 2088 1543 2150 deus
1567 2086 1611 2150 fili

350 2197 601 2276 amantissIme«,
625 2210 656 2258 et
679 2195 749 2258 finit
773 2197 804 2258 in
829 2197 932 2280 prima
957 2198 1074 2280 pagina
1097 2197 1229 2260 secundi
1255 2195 1325 2259 lolii
1353 2197 1448 2278 »quIa
1474 2194 1614 2257 medica·

350 2304 437 2366 mioa
461 2318 492 2368 et
514 2303 578 2366 alia
601 2304 757 2386 opuscula
781 2305 814 2364 in
838 2323 904 2384 se«,
938 2305 1025 2367 etio
1057 2303 1119 2366 fine
1144 2304 1218 2368 libri
1242 2303 1313 2366 finit
1349 2302 1508 2386 »Explicit
1530 2301 1612 2363 liber

351 2409 390 2470 de
415 2409 572 2492 regimine
592 2410 768 2472 sanitatis«.

456 2533 545 2613 Item,
571 2534 653 2596 liber
677 2535 770 2617 Raby
795 2535 901 2614 Moisi,
926 2535 982 2617 qui
1007 2535 1120 2618 incipit
1144 2535 1177 2598 in
1205 2535 1298 2617 nigro
1326 2534 1379 2597 »In
1404 2534 1536 2596 nomine
1561 2531 1612 2595 dei

351 2640 395 2722 pii
421 2653 452 2701 et
476 2639 725 2718 misericordis«,
750 2654 781 2702 et
797 2641 830 2702 In
854 2639 917 2703 fine
934 2642 1036 2724 prime
1060 2643 1177 2725 pagine
1193 2641 1325 2704 secundi
1350 2640 1420 2703 lolii
1444 2640 1514 2703 finit
1537 2659 1609 2702 cum

350 2747 475 2809 rubrica
503 2747 692 2809 »virtutibus
716 2759 747 2808 et
770 2747 1052 2830 operacionibus«,
1076 2761 1107 2810 et
1132 2749 1164 2810 in
1188 2747 1251 2812 fine
1276 2748 1349 2810 libri
1374 2747 1444 2810 finit
1468 2766 1540 2808 cum
1559 2765 1609 2808 ru·

351 2853 437 2915 brica
464 2853 624 2936 »Explicit
645 2865 796 2915 tractatus
819 2853 962 2916 Auicene
980 2854 1020 2916 de
1044 2855 1212 2917 medicinis
1235 2853 1461 2918 cordialibus«.

457 2978 546 3058 Item,
570 2977 833 3042 Anthidotarium
850 2980 987 3059 Nicolai,
1005 2993 1035 3042 et
1053 2981 1163 3062 incipit
1190 2980 1280 3062 »Ego
1305 2979 1459 3042 Nicolaus
1482 2989 1611 3060 rogatus

350 3105 368 3146 a
392 3084 618 3166 quibusdam«,
643 3098 674 3146 et
696 3084 792 3147 babet
815 3085 848 3146 in
872 3084 934 3147 fine
957 3085 1029 3147 libri
1053 3086 1237 3148 sinnonIma
1262 3086 1338 3148 dicti
1362 3085 1479 3167 operis.

457 3207 546 3288 Item,
571 3227 654 3270 unus
678 3208 759 3270 liber
775 3209 1065 3292 Anpharismorum
1090 3211 1245 3273 lobannis
1264 3210 1464 3289 DamascenI,
1490 3209 1611 3272 babens

351 3317 384 3377 In
409 3315 568 3398 principio
593 3315 674 3377 duos
699 3329 845 3378 caternos
869 3317 909 3379 de
942 3337 1017 3379 cura
1048 3316 1198 3398 febrium,
1223 3331 1254 3380 et
1285 3317 1397 3400 incipit
1424 3316 1557 3379 »liberet
1580 3329 1611 3378 te

353 3423 465 3502 deus«,
497 3437 528 3484 et
559 3423 702 3485 continet
733 3423 833 3484 eciam
870 3423 902 3484 in
933 3444 966 3486 se
1002 3443 1102 3486 unum
1127 3425 1320 3508 opusculum
1352 3424 1532 3503 metricum,
1557 3423 1610 3505 qui

352 3529 549 3612 appellatur:
569 3529 763 3608 »Viaticus«,
788 3542 819 3590 et
835 3529 931 3592 habet
954 3530 1063 3612 aliqua
1080 3531 1234 3613 opuscula
1258 3545 1330 3614 post
1354 3549 1387 3593 se
1411 3531 1444 3592 in
1468 3529 1611 3613 quodam

351 3637 528 3716 volumine,
551 3636 619 3698 sine
644 3637 813 3716 asseribus,
838 3638 925 3699 etin
950 3637 1013 3700 fine
1036 3638 1111 3700 libri
1143 3636 1214 3700 finit
1241 3657 1358 3719 »quam
1382 3657 1447 3699 non
1472 3651 1519 3699 est
1542 3652 1611 3699 tan·

350 3762 425 3826 gere
449 3743 597 3826 dignus«.

457 3849 547 3929 Item,
572 3849 654 3912 alius
678 3849 759 3912 liber
783 3849 823 3912 de
847 3849 1048 3932 simplicibus
1065 3849 1244 3930 medicInis,
1270 3862 1302 3912 et
1326 3851 1492 3933 incipitis
1520 3851 1611 3932 nigro

355 3977 439 4020 »non
458 3955 537 4018 mihi
555 3975 683 4018 necesse
701 3971 780 4036 est«,
805 3969 835 4018 et
851 3957 883 4018 in
900 3954 963 4019 fine
981 3957 1055 4018 libri
1073 3955 1142 4019 finit
1162 3977 1282 4040 »perse
1306 3957 1329 4018 si
1347 3957 1425 4018 deus
1442 3956 1611 4019 voluerit«.

459 4083 549 4162 Item,
573 4082 664 4164 glose
690 4102 785 4165 super
808 4083 928 4145 librum
960 4083 1077 4164 Tegni,
1103 4096 1134 4145 et
1170 4082 1282 4165 incipit
1316 4082 1489 4165 »quoniam
1515 4101 1612 4144 omne

354 4191 476 4251 bonum
500 4189 667 4252 desursum
692 4203 772 4268 est«,
797 4203 828 4252 et
852 4189 885 4251 in
913 4188 976 4252 fine
1007 4190 1111 4272 prime
1143 4189 1259 4272 pagine
1291 4189 1424 4250 sacundi
1449 4187 1519 4250 Iolii
1544 4187 1613 4250 finit

356 4295 464 4377 »quod
488 4296 610 4358 utilitas
634 4316 671 4358 ex
688 4295 781 4375 boc«,
807 4309 837 4358 et
861 4296 894 4358 in
919 4295 982 4358 fine
1000 4296 1072 4358 libri
1089 4294 1159 4358 finit
1187 4295 1237 4357 »hi
1255 4296 1359 4357 sciunt
1384 4296 1415 4357 in
1441 4309 1612 4378 utroque«.

457 4419 547 4499 Item,
571 4420 751 4482 liberastis
782 4421 954 4500 medicine,
979 4421 1035 4503 qui
1067 4419 1200 4483 dicitur:
1230 4421 1379 4502 »Regalis
1402 4420 1611 4503 disposicio«,

352 4540 384 4588 et
408 4525 520 4608 incipit
544 4526 577 4588 in
602 4527 694 4608 nIgro
722 4527 843 4610 »prims
868 4527 964 4589 buius
988 4527 1124 4609 operis«,
1149 4540 1180 4589 et
1204 4541 1250 4589 est
1275 4527 1314 4589 de
1339 4527 1443 4589 littera
1467 4529 1613 4610 antiqua,

352 4633 420 4694 sine
445 4633 660 4716 coopertorio.

459 4756 548 4837 Item,
572 4758 654 4820 liber
679 4758 830 4842 lpocratis
854 4759 894 4822 de
918 4773 1031 4822 natura
1048 4757 1140 4838 letus,
1166 4771 1197 4822 et
1220 4759 1332 4842 incipit
1360 4758 1403 4820 »si
1428 4777 1554 4841 sperma
1572 4760 1611 4820 ab

353 4875 490 4944 utroque
522 4865 766 4946 permanserit«,
798 4878 829 4928 et
860 4867 893 4928 in
916 4865 979 4928 fine
1012 4867 1084 4928 libri
1117 4865 1187 4928 finit
1222 4865 1292 4928 »dic
1315 4864 1456 4927 humana
1481 4877 1612 4927 natura:

354 4967 423 5030 Deo
446 4970 595 5050 gratias«.
