3804 5798
766 589 952 652 Inventaria.

591 804 869 885 Sequuntur
905 803 1165 865 Breviaria.

340 944 460 1022 Primo,
479 964 579 1006 unum
597 945 785 1008 Breviarum
802 945 878 1007 satis
898 947 1007 1027 magni
1023 945 1199 1008 voluminis
1216 945 1337 1008 habens
1361 947 1394 1007 in
1411 947 1498 1028 prin-

235 1052 321 1134 cipio
345 1049 488 1113 officium
520 1051 560 1113 de
584 1064 692 1113 sancta
716 1049 803 1112 Affra
835 1066 866 1114 et
889 1051 1125 1131 kalendarium,
1156 1065 1187 1113 et
1211 1053 1323 1133 incipit
1351 1053 1494 1133 »Regem

235 1177 389 1239 magnum
422 1158 594 1219 adoremus
626 1157 829 1237 dominum«,
860 1171 891 1220 et
925 1158 957 1219 in
991 1159 1093 1241 prima
1125 1159 1243 1241 pagiua
1267 1158 1400 1222 secundi
1425 1157 1496 1220 folii

234 1263 305 1326 linit
333 1263 432 1325 ›nisi‹
460 1276 491 1325 et
514 1263 547 1325 in
572 1262 634 1327 fine
659 1263 733 1326 libri
765 1262 835 1326 finit
870 1265 1096 1328 »ecclesiarum
1121 1267 1301 1328 omnium«.
1339 1265 1500 1327 Dominus

236 1371 406 1454 episcopus
430 1371 550 1453 recepit
574 1385 605 1433 et
621 1371 787 1454 deputavit
803 1391 862 1454 pro
886 1372 983 1434 missa
999 1371 1124 1434 domini
1150 1371 1326 1434 Eberhardi
1344 1372 1500 1454 episcopi.

339 1494 429 1572 ltem,
446 1514 547 1556 unum
572 1495 660 1556 aliud
686 1495 886 1558 Breviarium
910 1515 984 1558 cum
1001 1495 1178 1557 kalendarii
1203 1509 1302 1577 parte,
1327 1508 1358 1556 et
1382 1494 1495 1576 incipit

233 1621 307 1663 cum
324 1601 448 1662 rubrica
476 1601 528 1662 »ln
551 1600 665 1663 diebus
684 1601 857 1663 dominicis
874 1621 932 1684 pro
952 1616 1133 1684 tempore«,
1153 1615 1184 1664 et
1202 1601 1235 1662 in
1253 1601 1355 1683 prima
1380 1601 1500 1683 pagina

232 1707 367 1769 secundi
391 1705 462 1768 folii
485 1705 556 1768 finit
583 1720 711 1788 »guttur
735 1726 866 1769 eorum«
887 1721 918 1769 et
943 1709 975 1769 in
999 1706 1062 1769 fine
1079 1708 1153 1769 libri
1177 1705 1247 1768 finit
1264 1708 1295 1768 in
1320 1707 1498 1790 antiphona

234 1814 274 1875 ad
300 1811 486 1896 Magnificat
509 1812 549 1874 de
573 1814 665 1876 beata
690 1812 863 1876 Dorothea.
890 1814 1027 1897 Legatus
1059 1813 1222 1896 prebende
1245 1813 1345 1875 sancti
1370 1813 1497 1875 Nicolai

235 1940 291 2003 per
316 1919 454 1981 condam
477 1919 649 1981 Nicolaum
675 1933 849 1982 cantorem.

339 2061 430 2141 Item,
455 2080 555 2123 unum
581 2062 669 2124 aliud
694 2063 895 2124 Breviarium
921 2081 993 2123 cum
1019 2061 1205 2124 kalendario
1230 2075 1313 2140 aute,
1339 2061 1427 2143 quod
1452 2061 1500 2122 in·

234 2169 311 2252 cipit
335 2188 408 2230 cum
426 2167 551 2230 rubrica
579 2167 852 2250 »invitatorium«,
877 2181 907 2230 et
931 2181 1042 2251 postea
1060 2187 1133 2230 cum
1151 2169 1243 2249 nigro
1263 2168 1406 2248 »Regem
1432 2187 1497 2229 ma·

233 2295 367 2356 gnum«,
391 2289 422 2337 et
445 2274 477 2335 in
502 2272 565 2335 fine
593 2275 694 2356 prime
726 2275 842 2358 pagine
867 2275 1001 2337 secundi
1035 2274 1105 2336 folii
1137 2272 1207 2336 finit
1235 2274 1393 2335 »Domine
1418 2274 1499 2335 deus

234 2401 357 2460 meus«,
383 2394 413 2443 et
437 2381 469 2442 in
493 2378 556 2441 fine
588 2381 661 2442 libri
695 2379 765 2443 finit
791 2382 876 2442 ›Ex‹
913 2381 945 2442 in
977 2381 1154 2463 antiphona
1184 2381 1225 2442 ad
1250 2380 1435 2462 Magnificat
1458 2381 1498 2442 de

233 2489 324 2550 beata
344 2486 518 2566 Dorothea,
542 2486 663 2549 habens
688 2507 761 2550 cum
779 2489 921 2550 rubrica:
942 2487 1081 2570 Explicit
1098 2489 1179 2550 liber
1195 2507 1251 2569 per
1269 2507 1383 2550 manus
1400 2488 1497 2568 Petri,

234 2591 289 2654 filii
315 2593 431 2668 Jakus;
455 2606 486 2655 et
509 2606 556 2655 eat
580 2592 704 2674 legatus
735 2593 900 2676 prebende
932 2608 1116 2655 sanctorum
1148 2593 1267 2656 Cosme
1293 2607 1323 2655 et
1347 2593 1497 2656 Damiani

234 2700 412 2778 martirum,
438 2719 494 2782 per
518 2700 656 2761 condam
682 2700 853 2761 dominum
878 2700 1020 2762 Blasium
1045 2699 1222 2764 custodem.

338 2807 379 2866 In
402 2809 554 2888 margine:
578 2805 668 2885 Item,
691 2808 797 2869 solum
821 2805 887 2868 duo
913 2807 1069 2868 breviaria
1093 2821 1167 2868 sunt
1191 2807 1275 2887 data,
1291 2807 1354 2868 alia
1380 2806 1499 2868 habent

233 2912 449 2995 prebendarii,
480 2913 560 2974 dixit
591 2912 744 2977 dominus
775 2927 891 2992 custos,
924 2911 1012 2995 quod
1044 2927 1151 2976 tamen
1183 2913 1243 2974 tria
1277 2913 1395 2975 habent
1426 2915 1496 2975 bre-

233 3037 343 3080 viaria.

339 3143 429 3222 ltem,
447 3143 536 3205 aliud
555 3143 838 3206 Breviariumcum
855 3143 1044 3206 kalendario
1060 3156 1143 3219 ante,
1162 3143 1250 3225 quod
1268 3143 1380 3226 incipit
1400 3143 1499 3205 »Bea-

234 3265 285 3310 tus
308 3249 389 3328 vir«,
422 3263 452 3311 et
483 3249 516 3310 in
551 3248 614 3311 fine
646 3251 749 3332 prime
785 3251 901 3333 pagine
936 3249 1068 3311 secundi
1101 3249 1171 3311 solii
1199 3251 1250 3311 »in
1273 3250 1396 3331 gemitu
1421 3268 1497 3311 meo

235 3355 341 3432 lavar,
366 3367 397 3416 et
421 3352 491 3416 finit
515 3355 596 3416 liber
621 3355 652 3416 in
678 3355 786 3418 officio
812 3355 1032 3418 Dedicationis
1064 3355 1208 3435 ecclesie,
1233 3355 1355 3418 habens
1380 3357 1411 3417 in
1437 3354 1498 3417 line

236 3461 397 3524 lecciones
421 3461 460 3522 de
485 3475 594 3524 sancto
621 3462 807 3542 Benedicto,
844 3462 882 3523 de
915 3464 1009 3524 beato
1045 3462 1227 3544 Augustino
1259 3475 1290 3524 et
1321 3463 1360 3524 de
1392 3475 1499 3523 sancta

238 3568 353 3632 Cruce.

342 3675 431 3754 Item,
458 3674 656 3736 Breviarium
681 3673 769 3735 aliud
793 3674 942 3754 spissum,
967 3673 1089 3736 habens
1120 3689 1193 3757 post
1216 3674 1438 3737 kalendarium
1465 3674 1497 3734 in

237 3782 327 3862 nigra
354 3781 457 3842 littera
486 3781 619 3863 »Incipit
643 3800 750 3862 regem
777 3800 963 3863 magnum«,
996 3783 1055 3843 sub
1087 3802 1150 3864 qua
1183 3783 1286 3844 littera
1312 3781 1343 3842 in
1370 3781 1497 3862 capitali

236 3886 371 3948 babetur
395 3905 513 3968 ymago
538 3887 713 3948 maiestatis
737 3900 768 3948 et
802 3889 981 3970 subyrnago
1008 3889 1111 3950 David
1143 3889 1227 3969 regis
1260 3908 1333 3950 cum
1358 3907 1444 3970 arpa,
1468 3900 1500 3947 et

236 3994 267 4054 in
292 3991 356 4054 fine
381 3994 484 4075 prime
509 3993 625 4076 pagine
649 3994 780 4056 secundi
806 3993 876 4056 lolii
898 3993 969 4056 finit
995 3994 1048 4056 »ln
1066 3994 1284 4056 convertendo
1309 3995 1386 4072 ini«,
1410 4007 1441 4054 et
1465 3994 1496 4053 in

232 4097 294 4160 fine
311 4099 385 4160 libri
407 4097 478 4162 finit
502 4099 533 4160 in
558 4097 667 4161 officio
696 4099 920 4162 Dedicationis
937 4101 969 4161 in
995 4100 1170 4184 antiphona
1188 4101 1227 4161 ad
1253 4098 1435 4180 magnificat
1458 4099 1497 4160 ad

233 4206 392 4268 secundas
416 4225 565 4288 vesperas
592 4207 749 4270 ›Zalree‹.

340 4313 430 4394 ltem,
456 4333 538 4376 unus
555 4314 636 4375 liber
661 4315 814 4376 Breviarii
833 4314 956 4377 habens
973 4315 1150 4394 marginem
1177 4315 1209 4375 in
1228 4313 1337 4375 medio
1361 4314 1436 4375 satis
1453 4313 1493 4373 de

234 4421 432 4502 competenti
457 4420 560 4481 littera
585 4420 624 4480 de
650 4421 811 4501 psalterio,
836 4423 890 4503 qui
909 4421 1021 4502 incipit
1045 4434 1117 4502 post
1141 4420 1326 4502 psalterium
1356 4423 1401 4479 »A
1427 4418 1493 4479 die-

235 4527 293 4587 bus
317 4526 491 4607 antiquis«,
516 4526 603 4588 etin
628 4525 691 4587 fine
716 4527 817 4608 prime
842 4527 958 4608 pagine
990 4526 1122 4586 secundi
1148 4525 1217 4587 lolii
1242 4525 1311 4587 finit
1338 4525 1437 4585 >sicut
1462 4525 1494 4584 in

235 4634 413 4710 vastitate«,
438 4632 525 4693 etin
550 4631 613 4693 fine
645 4633 718 4694 libri
753 4631 822 4694 finit
857 4633 967 4713 »quasi
991 4651 1044 4692 ros
1069 4645 1100 4694 et
1132 4631 1269 4707 lsrael‹;
1301 4631 1391 4692 cuius
1421 4630 1496 4690 resi-

237 4738 338 4799 duum
363 4737 459 4800 habet
483 4739 634 4818 magister
659 4737 839 4820 Stephanus
863 4738 1017 4800 Farkasii.

345 4860 434 4940 ltem,
457 4881 557 4924 unum
583 4863 783 4926 Breviarium
807 4863 882 4924 satis
904 4863 1040 4944 spissum
1066 4873 1097 4924 et
1121 4862 1268 4944 pulcrum
1293 4881 1365 4923 curn
1391 4861 1498 4922 kalen-

236 4968 329 5030 dario
354 4981 387 5030 et
411 4968 545 5030 rubricis
570 4969 746 5030 secundum
771 4969 904 5030 modum
930 4969 1062 5030 ecclesie
1091 4969 1316 5049 zagrabiensis,
1341 4967 1428 5048 quod
1452 4967 1498 5028 in·

235 5075 311 5157 cipit
342 5095 414 5136 cum
447 5076 573 5136 rubrica
608 5075 660 5136 »ln
694 5075 807 5137 diebus
839 5075 1010 5136 dominicis
1041 5074 1081 5134 ad
1114 5087 1341 5151 nocturnum«,
1377 5073 1498 5135 habens

1398 5183 1428 5222 rr
