3810 5806
613 1607 740 1702 (Anno
776 1607 935 1697 Domini
971 1607 1176 1714 lleleI).

253 1961 343 2042 Item
371 1965 406 2042 in
435 1989 529 2044 anno
554 1965 699 2043 Domini
727 1968 914 2045 millesimo
935 1969 1225 2070 quingentesimo
1249 1971 1427 2068 vigesimo
1458 1993 1515 2046 se·

255 2089 382 2185 cundo,
401 2097 566 2192 tempore
584 2091 754 2168 videlicet
768 2092 949 2190 judicatus
969 2094 1072 2170 tercii
1092 2092 1277 2194 prudentis
1306 2101 1345 2168 et
1365 2093 1510 2168 circnm-

254 2214 371 2313 specti
400 2215 582 2292 Michaelis
612 2216 746 2292 literati
774 2215 834 2293 filii
872 2216 1016 2310 Mathei,
1050 2217 1212 2294 moderni
1236 2211 1366 2316 judicis
1387 2218 1514 2306 nostri,

253 2361 404 2438 presens
427 2339 636 2416 kathemum
667 2351 725 2416 est
754 2342 997 2441 conscriptum
1033 2342 1142 2418 modo
1181 2349 1219 2418 et
1256 2340 1380 2416 ordine
1409 2350 1517 2441 prout

252 2469 368 2562 patet,
388 2463 544 2540 sabbato
564 2465 728 2565 proximo
757 2473 844 2566 post
863 2465 995 2542 festum
1024 2465 1134 2542 beate
1149 2463 1339 2542 Dorothee
1367 2465 1516 2566 virginis

755 2597 794 2666 et
826 2590 994 2666 martiris.

764 2859 812 2934 (9.
829 2855 1005 2933 februarii).

359 3013 458 3088 Quod
490 3016 564 3097 quia
598 3016 813 3077 communitas
843 3015 997 3097 quasdam
1035 3015 1115 3077 duas
1146 3017 1317 3098 porciones
1348 3017 1514 3080 cuiusdam

252 3119 370 3182 domus
392 3120 572 3202 plebanalis
596 3123 687 3184 beate
706 3121 908 3203 Margarethe
927 3122 1060 3204 virginis
1076 3123 1108 3184 in
1126 3123 1282 3185 suburbio
1300 3122 1422 3206 prefate
1439 3125 1514 3186 civi·

250 3227 324 3288 tatis
347 3224 466 3307 habite,
489 3230 592 3306 stube,
617 3228 768 3309 coquine,
793 3227 914 3290 cellarii
939 3229 1048 3290 totalis
1064 3230 1275 3308 subterranei,
1300 3243 1330 3292 et
1356 3230 1451 3291 unius
1468 3231 1514 3292 in-

250 3345 338 3415 tegre
363 3334 461 3413 curie,
485 3334 568 3397 inter
591 3335 721 3396 terciam
747 3347 870 3416 partem
895 3335 1058 3416 porcionis
1081 3335 1345 3397 condivisionalis
1369 3335 1514 3398 eiusdem

251 3443 378 3522 domus,
403 3462 530 3506 necnon
555 3445 651 3506 unius
674 3463 801 3506 camere
833 3457 863 3505 et
887 3443 1013 3506 duabus
1044 3445 1166 3526 quartis
1190 3444 1278 3506 curie
1302 3445 1430 3528 providi
1455 3445 1514 3506 viri

252 3549 406 3632 Stephani
430 3551 559 3630 sutoris,
583 3551 724 3613 concivis
741 3551 852 3629 nostri,
876 3563 1001 3633 aparte
1018 3551 1287 3634 septemtrionali,
1311 3566 1342 3614 et
1365 3551 1515 3614 orientali

250 3655 356 3737 platea
381 3657 574 3735 communis,
591 3676 627 3718 ac
652 3658 734 3719 inter
750 3655 945 3719 cimiterium
970 3657 1102 3718 ecclesie
1120 3656 1205 3719 beati
1224 3657 1352 3718 Martini
1371 3657 1514 3739 episcopi

250 3763 396 3826 indicto
427 3764 574 3826 similiter
605 3764 761 3825 suburbio
793 3763 930 3826 civitatis
961 3777 1152 3843 constructe,
1183 3783 1201 3825 a
1233 3763 1449 3842 meridionali,
1473 3766 1513 3824 ab

250 3869 444 3932 occidentali
470 3889 571 3952 usque
596 3869 759 3952 quandam
785 3889 915 3951 parvam
948 3871 1136 3953 particulam
1162 3870 1250 3932 curie
1275 3870 1457 3931 communis
1481 3870 1513 3931 in

249 3989 399 4058 postergo
417 3977 503 4038 curie
520 3977 605 4039 dicte
622 3977 738 4039 domus
754 3975 964 4058 jobagionum
981 3975 1102 4059 prefate
1119 3977 1253 4038 ecclesie
1271 3978 1362 4038 beate
1388 3976 1513 4056 Marga-

249 4083 338 4146 rethe
362 4083 495 4165 virginis
518 4085 636 4147 habitis
661 4099 693 4146 et
716 4083 937 4162 existentibus,
970 4101 1065 4144 unam
1092 4082 1259 4163 integram,
1285 4095 1320 4144 ut
1344 4081 1511 4164 prefertur,

249 4191 372 4254 curiam
395 4191 437 4252 ad
461 4209 556 4253 usum
581 4191 664 4253 dicte
689 4191 827 4253 civitatis
851 4190 883 4251 in
908 4209 941 4252 se
970 4189 1200 4267 continentem,
1223 4188 1320 4249 simul
1345 4207 1417 4249 cum
1443 4208 1511 4250 om-

250 4299 345 4360 nibus
369 4297 491 4360 eisdem
515 4298 735 4380 porcionibus,
757 4311 791 4358 ut
808 4297 1013 4380 premittitur,
1030 4298 1133 4374 stube,
1158 4295 1309 4377 coquine,
1326 4295 1513 4376 cellariique

249 4403 357 4466 totalis
381 4405 580 4467 subterranei
605 4417 635 4466 et
660 4405 755 4466 unius
786 4405 909 4484 integre
941 4401 1039 4481 curie,
1064 4421 1099 4464 ac
1131 4402 1270 4484 quadam
1296 4421 1392 4484 parva
1417 4401 1512 4484 parti·

249 4510 321 4573 cula
357 4525 450 4590 terre,
487 4531 584 4592 quam
620 4511 741 4573 eisdem
777 4509 986 4593 porcionibus
1021 4507 1246 4589 adiungimus,
1279 4508 1311 4569 in
1344 4507 1513 4569 latitudine

250 4618 380 4682 brachia
403 4617 505 4681 ferrea
529 4633 668 4701 quatuor
692 4619 723 4679 in
749 4638 781 4679 se
815 4617 1011 4695 continente,
1044 4615 1075 4676 in
1097 4616 1302 4697 longitudine
1327 4637 1404 4677 vero
1429 4629 1514 4694 octo,

251 4727 333 4789 inter
358 4727 463 4790 dictos
487 4727 681 4790 cimiterium
713 4724 835 4810 prefate
868 4723 1001 4786 ecclesie
1033 4723 1117 4785 beati
1150 4723 1279 4786 Martini
1315 4724 1457 4806 episcopi
1484 4737 1514 4784 et

250 4834 391 4916 plateam
416 4853 624 4898 communem
649 4835 688 4896 ab
712 4833 873 4911 orientali,
891 4830 1161 4913 meridionalique
1179 4845 1210 4892 et
1234 4831 1425 4893 occidentali
1443 4851 1514 4914 pat·

251 4942 336 5004 tibus
360 4939 514 5020 habitam,
538 4941 741 5018 utilitatibus,
773 4940 906 5020 juribus,
938 4939 1060 5017 usibus,
1093 4939 1327 5018 integritatibus
1361 4953 1392 5000 et
1416 4937 1511 5020 perti·

251 5049 374 5111 nenciis
397 5048 557 5111 universis
579 5047 716 5131 provido
733 5061 765 5109 et
788 5045 924 5110 honesto
941 5045 1010 5107 viro
1027 5045 1201 5108 Valentino
1225 5045 1324 5109 sutori
1351 5043 1418 5110 ftlio
1436 5063 1511 5109 con·
