3810 5806
547 1531 676 1637 (Auno
703 1531 860 1620 Domini
887 1529 1277 1632 uococtfflvu.)

776 1815 846 1896 (26.
862 1821 1029 1897 januarii).

380 1979 458 2043 ltem
483 1979 514 2040 in
532 1997 619 2040 anno
638 1979 769 2039 Domini
788 1978 962 2040 millesimo
980 1978 1300 2060 quadringentesimo
1317 1979 1537 2060 octuagesimo

273 2087 423 2170 septimo,
448 2085 525 2148 leria
550 2098 635 2146 sexta
661 2085 805 2166 proxima
831 2099 902 2166 post
927 2082 1041 2146 lestum
1061 2083 1293 2146 Conversionis
1316 2085 1416 2146 sancti
1436 2085 1537 2163 Pauli,

272 2193 489 2256 communitas
513 2192 630 2253 civium
655 2191 791 2252 civitatis
816 2189 1097 2271 Montisgreeensis
1114 2190 1203 2252 dedit
1228 2205 1258 2254 et
1282 2191 1418 2252 contulit
1435 2211 1536 2272 quan·

272 2301 345 2362 darn
371 2299 482 2361 turrim
501 2311 656 2360 muratam
678 2297 826 2359 iratribus
838 2296 1075 2358 Heremitarurn
1099 2316 1155 2358 seu
1173 2297 1299 2358 claustri
1318 2297 1409 2359 beate
1435 2297 1535 2358 Marie

271 2407 404 2487 virginis
421 2406 453 2468 in
472 2405 695 2488 promontorio
712 2403 910 2484 zagrabiensi
936 2401 1072 2482 fundari,
1090 2422 1162 2464 curn
1187 2403 1253 2464 suis
1271 2400 1378 2464 lundis
1392 2417 1422 2464 et
1437 2405 1531 2485 perti-

273 2512 395 2574 nenciis
420 2512 450 2572 iu
477 2511 603 2573 civitate
621 2524 727 2571 nostra
752 2529 788 2570 ac
806 2509 887 2571 inter
912 2529 981 2588 nos,
1005 2523 1128 2591 aparte
1153 2508 1304 2570 videlicet
1329 2509 1533 2571 meridionali

272 2635 303 2681 er
328 2620 410 2681 inter
435 2616 552 2681 lundos
575 2637 611 2680 ac
636 2617 742 2678 civilia
768 2616 904 2678 condam
932 2615 1060 2698 Mathye
1091 2615 1254 2695 Thecech,
1279 2636 1317 2678 ex
1343 2635 1415 2694 una,
1440 2617 1555 2698 parti-r

272 2728 331 2787 bus
355 2744 432 2786 vero
456 2744 495 2786 ex
517 2725 617 2786 altera
641 2723 719 2784 olim
755 2723 883 2784 discreti
916 2721 1041 2783 domini
1073 2721 1191 2784 Allexii
1224 2723 1403 2805 presbiteri,
1427 2743 1444 2784 a
1468 2743 1537 2807 sep-

272 2831 478 2910 temtrionali,
503 2831 649 2892 similiter
683 2829 866 2891 concivium
899 2841 1082 2889 nostrorum
1116 2827 1258 2890 habitam
1284 2843 1314 2890 et
1338 2829 1537 2908 existentem,

271 2938 329 3000 sub
354 2937 408 2999 tali
434 2937 636 3014 condicione,
662 2950 696 2997 ut
721 2936 780 3017 ipsi
806 2933 917 2996 fratres
942 2933 1107 2996 Heremite
1137 2953 1193 2995 seu
1217 2934 1391 2996 claustrum
1416 2935 1534 2997 dictam

270 3045 383 3107 turrim
408 3063 518 3105 eorum
546 3043 577 3104 in
603 3043 702 3104 nostri
728 3042 836 3104 medio
869 3043 1057 3104 existentem
1090 3039 1307 3120 rehedificare,
1340 3042 1469 3120 muniri,
1495 3063 1533 3104 ac

271 3152 388 3213 domus
419 3164 450 3213 et
474 3143 627 3212 'hedificia
663 3168 788 3211 necnon
831 3149 950 3210 curiarn
985 3162 1016 3210 et
1055 3148 1246 3230 (hlortulum
1286 3149 1367 3210 circa
1400 3149 1537 3212 eandem

271 3259 383 3320 turrim
409 3258 441 3319 in
467 3257 560 3318 dictis
584 3256 649 3317 suis
666 3254 773 3316 lundis
789 3254 945 3335 herigere,
964 3269 1158 3333 construere,
1179 3255 1417 3337 amenitateque
1434 3269 1534 3318 struc-

270 3379 339 3426 tura
365 3377 395 3425 et
419 3361 637 3425 edificacionis
661 3376 692 3424 et
716 3360 957 3423 fortificacionis
991 3361 1143 3423 decorare
1168 3361 1295 3422 valeant
1319 3382 1354 3424 ac
1378 3377 1535 3445 perpetuo

271 3471 339 3552 jure
364 3483 395 3532 et
419 3470 450 3531 in
476 3488 582 3531 ewum
608 3467 739 3552 pacifice
765 3469 888 3550 possint
912 3467 1086 3550 possidere,
1107 3469 1147 3529 ab
1172 3468 1323 3529 omnibus
1347 3487 1478 3551 quoque
1504 3483 1535 3532 et

271 3575 406 3658 singulis
430 3575 547 3636 nostris
563 3575 873 3652 contribucionibus,
898 3573 1007 3651 daciis,
1025 3574 1244 3635 custodiarum
1262 3574 1398 3636 civitatis
1415 3575 1536 3638 exhibi-

275 3681 433 3759 tionibus,
466 3681 556 3742 tlacis
587 3700 717 3762 quoque
750 3695 780 3742 et
816 3702 832 3742 a
865 3680 1033 3762 quibusvis
1065 3680 1250 3757 honeribus,
1283 3701 1346 3762 que
1372 3682 1401 3742 in
1428 3683 1536 3744 medio

272 3789 370 3848 nostri
395 3807 450 3849 seu
464 3807 520 3870 per
545 3807 603 3848 nos
627 3787 792 3848 dumtaxat
816 3786 883 3848 fieri
908 3801 938 3848 et
963 3787 1086 3869 imponi
1118 3787 1222 3848 solent
1247 3801 1277 3849 et
1301 3789 1444 3870 contingi
1463 3809 1534 3872 pos-

271 3907 351 3972 sent,
375 3895 438 3956 sint
462 3893 558 3955 iidem
585 3892 696 3954 fratres
721 3893 886 3955 Heremite
911 3908 941 3954 et
972 3893 1115 3975 ipsorum
1139 3894 1280 3955 universi
1306 3893 1453 3956 homines
1477 3915 1534 3957 seu

271 4000 421 4082 inquilini
440 4000 556 4062 dictam
570 4001 683 4062 turrim
708 4020 763 4061 seu
781 3999 896 4061 domos
913 4013 943 4062 et
960 4000 1080 4061 curiam
1099 3999 1313 4062 inhabitantes
1327 4015 1479 4084 perpetue
1505 4015 1536 4064 et

272 4107 303 4167 in
318 4126 423 4168 ewum
437 4107 599 4169 exonerati
613 4107 741 4190 penitus
755 4121 786 4169 et
796 4109 932 4169 omnino
949 4127 1081 4188 quoque
1106 4107 1231 4190 privati,
1248 4109 1386 4190 exempti
1412 4123 1443 4170 et
1459 4129 1532 4190 sup·

271 4213 398 4295 portati,
424 4213 483 4275 hoc
509 4227 615 4275 tamen
640 4213 723 4276 clare
748 4233 907 4296 express0‚
933 4213 1021 4295 quod
1054 4215 1079 4276 si
1105 4214 1212 4296 plures
1236 4233 1334 4296 quam
1359 4235 1460 4277 unum
1485 4217 1532 4278 in·

271 4318 412 4400 quilinos
437 4319 513 4380 dicti
538 4317 650 4382 fratres
676 4320 840 4381 Heremite
864 4321 896 4381 in
922 4318 1051 4401 prelatis
1080 4339 1191 4382 eorum
1216 4322 1307 4400 turri,
1332 4321 1483 4384 domibus
1506 4338 1537 4386 et

271 4425 357 4486 curis
383 4423 562 4487 inhabitare
586 4439 617 4488 et
642 4427 759 4488 morari
789 4425 952 4487 voluerint
976 4441 1006 4488 et
1038 4427 1251 4508 permiserint,
1282 4441 1358 4490 tunc
1383 4429 1462 4490 tales
1486 4429 1533 4490 in·

278 4531 407 4612 quilini,
432 4531 457 4592 si
481 4531 590 4614 plures
615 4552 711 4615 quarn
738 4553 821 4594 unus
847 4532 976 4611 luerint,
1001 4534 1086 4595 iuxta
1118 4534 1226 4614 ritum,
1250 4536 1383 4597 modum
1410 4548 1440 4597 et
1464 4555 1538 4597 con·

273 4637 476 4700 suetudinem
509 4639 644 4701 civitatis
676 4655 781 4702 nostre
813 4640 854 4701 ad
886 4640 1030 4702 eiusdem
1071 4642 1207 4703 civitatis
1240 4655 1346 4704 nostre
1378 4642 1535 4724 portanda

277 4763 374 4806 onera
398 4759 493 4827 prout
517 4759 548 4807 et
580 4749 675 4808 ceteri
711 4747 790 4809 tales
825 4749 1020 4809 tenebuntur
1045 4761 1076 4809 et
1110 4749 1265 4830 premissa
1301 4749 1447 4811 libertate
1472 4768 1536 4811 non

275 4848 429 4916 fruentur.
454 4851 645 4914 Addicimus
669 4854 798 4935 insuper
823 4868 853 4915 et
876 4854 1038 4934 volumus,
1063 4855 1151 4936 quod
1177 4855 1273 4916 iidem
1301 4854 1410 4918 fratres
1436 4855 1535 4916 Here-

279 4957 353 5021 mite
393 4971 424 5022 et
458 4957 630 5022 claustrum
668 4961 825 5023 universis
864 4961 1025 5046 perpetuis
1068 4960 1183 5026 futuris
1222 4963 1441 5050 temporibus,
1474 4962 1536 5026 sio·
