3842 5802
833 544 1034 626 Anno1476.
1526 565 1566 630 27

299 773 374 839 tate,
399 759 538 821 Martioo
562 771 594 820 et
618 757 719 820 Paulo
744 756 818 820 filiis
836 759 999 820 Ambrosii
1024 758 1063 820 de
1093 758 1259 836 Grachan;
1284 760 1401 840 quibus
1426 761 1564 822 Martino

299 880 331 928 et
355 865 455 926 Paulo
491 863 565 926 filiis
601 863 763 926 Ambrosii
797 865 837 926 de
874 863 1022 926 Grachan
1058 864 1130 926 data
1160 880 1206 926 est
1239 863 1327 926 litera
1353 866 1562 948 privilegialis

298 991 395 1055 super
419 969 592 1054 premissis.

406 1076 503 1151 Quod
529 1076 605 1158 quia
628 1075 688 1137 viri
713 1075 841 1159 providi
859 1091 889 1139 et
911 1076 1132 1159 circumspecti
1152 1077 1273 1138 Mikula
1297 1089 1399 1138 sartor
1416 1090 1447 1138 et
1464 1075 1563 1139 Geor-

298 1183 372 1266 gius
395 1181 583 1267 Vythlroycz
600 1182 716 1245 sororii
742 1182 896 1264 Stephani
914 1181 972 1244 filii
997 1183 1134 1245 condam
1153 1183 1281 1244 Thome
1298 1183 1374 1244 dicti
1400 1182 1563 1262 Thoman,

303 1291 334 1350 in
349 1307 486 1372 persona
499 1301 530 1350 et
543 1289 575 1349 in
589 1288 721 1351 nomine
735 1308 794 1351 suo
811 1287 1026 1351 vendiderunt
1043 1289 1205 1370 quandam
1230 1289 1435 1351 medietatem
1460 1289 1564 1351 cuius·

299 1396 373 1457 dam
397 1395 490 1456 vinee
515 1395 615 1477 ipsius
640 1394 794 1478 Stephani
813 1394 1038 1456 hereditariam
1064 1413 1121 1477 pro
1139 1395 1340 1477 platibilibus
1357 1393 1447 1456 factis
1465 1395 1564 1476 ipsius

301 1501 454 1584 Stephani
479 1499 537 1561 filii
561 1485 700 1562 condam
726 1499 866 1580 Thome,
885 1501 967 1562 inter
991 1501 1118 1562 vineam
1137 1514 1168 1562 et
1185 1499 1360 1580 virgultum
1385 1499 1564 1562 Clementis

300 1605 439 1688 agricole
465 1625 481 1668 a
505 1607 774 1688 septemtrionali,
792 1606 954 1668 mediante
972 1606 1111 1688 quadam
1136 1607 1186 1668 via
1210 1621 1275 1668 tam
1301 1606 1438 1668 curruali
1464 1625 1561 1688 quarn

297 1712 438 1796 pedestri
463 1713 591 1794 utrique
615 1713 715 1794 ipsius
739 1713 832 1773 vinee
856 1732 911 1774 seu
936 1713 1093 1774 ambabus
1122 1713 1198 1796 ipsis
1221 1712 1323 1774 vineis
1347 1727 1377 1773 et
1401 1731 1562 1795 possesso·

299 1820 387 1881 ribus
411 1819 555 1901 ipsarum
582 1837 639 1900 pro
664 1815 818 1903 ,tempore
850 1819 1030 1880 constitutis
1063 1817 1273 1896 deserviente,
1304 1839 1340 1880 ac
1365 1819 1446 1881 inter
1477 1820 1562 1880 viam

298 1943 504 1986 communem
529 1926 569 1986 ab
594 1924 718 1986 oriente
744 1937 774 1986 et
796 1925 877 1986 inter
911 1923 1075 2006 quoddam
1110 1923 1263 1986 fossatum
1287 1945 1342 1985 seu
1368 1925 1483 1986 vallem
1509 1940 1563 1987 aut

299 2031 469 2092 decursum
495 2050 578 2112 aque
596 2031 757 2112 pluvialis,
776 2030 938 2112 quandam
955 2032 1081 2091 vineam
1100 2031 1314 2092 vendiderunt
1334 2031 1418 2092 Luce
1443 2031 1562 2093 Cueth·

298 2139 400 2219 koycz
425 2136 464 2198 de
490 2135 657 2198 Cralowcz
682 2155 740 2218 pro
758 2149 881 2218 septem
907 2135 976 2200 flor.
1002 2137 1089 2213 auri;
1115 2137 1165 2198 cui
1178 2137 1255 2199 data
1281 2151 1327 2198 est
1350 2137 1442 2200 litera
1467 2139 1562 2220 privi-

297 2243 424 2325 legialis
447 2262 542 2325 super
567 2243 739 2325 premissis.

386 2349 465 2412 ltem
479 2349 554 2431 quia
569 2349 702 2431 provida
717 2350 833 2411 mulier
847 2349 1021 2412 Katherina
1032 2363 1142 2412 vocata
1161 2350 1269 2411 relicta
1282 2350 1419 2412 condam
1432 2351 1559 2412 Andree

296 2455 416 2518 sutoris
432 2455 521 2518 dedit
537 2471 568 2517 et
591 2455 774 2538 propinavit
792 2454 934 2537 Georgio
952 2453 1019 2517 filio
1038 2456 1193 2518 lobannis
1218 2455 1400 2540 Glyuarycz
1425 2456 1465 2518 de
1484 2457 1559 2519 lwa·

298 2581 379 2646 uycz
402 2562 537 2623 domino
562 2575 593 2623 et
617 2561 732 2623 marito
756 2581 815 2623 suo
848 2562 1011 2643 quandam
1036 2561 1171 2624 domurn
1203 2583 1293 2623 suam
1319 2570 1401 2625 inter
1426 2563 1560 2626 domum

299 2681 331 2729 et
355 2666 492 2728 lundum
517 2666 665 2747 Gregorii
692 2667 846 2730 institoris
878 2681 908 2728 et
940 2668 1023 2730 inter
1055 2668 1189 2730 domum
1225 2667 1383 2730 Lodouici
1409 2670 1562 2732 institoris

296 2797 315 2838 a
339 2790 428 2859 parte
453 2775 678 2852 meridionali;
697 2777 773 2838 item
790 2776 891 2838 eciam
910 2777 1072 2858 quandam
1092 2775 1217 2838 vineam
1236 2777 1332 2838 simul
1349 2797 1422 2838 cum
1439 2776 1561 2859 (h)orto

296 2895 327 2946 et
353 2881 494 2964 virgulto
519 2882 579 2944 sibi
605 2881 782 2964 subjacenti
808 2882 890 2945 inter
909 2883 1035 2944 vineam
1062 2882 1237 2944 liberorum
1263 2902 1318 2944 seu
1342 2903 1561 2946 successorum

296 2989 434 3051 condam
461 2989 548 3050 Luce
571 2988 688 3050 sutoris
712 3009 728 3049 a
753 2989 1008 3070 septemtrionali
1032 3003 1120 3071 parte
1146 2988 1358 3068 adiacentem,
1383 2990 1519 3073 desuper
1543 3012 1561 3052 a

295 3096 349 3157 via
372 3096 539 3157 communi
565 3114 680 3176 magna
704 3097 744 3156 ab
770 3095 894 3157 oriente
919 3095 1037 3174 habita,
1061 3095 1158 3157 simul
1182 3115 1254 3158 cunr
1272 3096 1396 3158 koucha
1421 3117 1456 3158 ac
1481 3117 1561 3180 quo·

296 3201 371 3264 dam
396 3202 504 3284 spacio
528 3215 629 3278 terre;
653 3202 704 3263 cui
728 3201 801 3264 data
826 3215 872 3264 est
903 3203 995 3264 litera
1027 3203 1237 3285 privilegialis
1268 3223 1364 3286 super
1387 3205 1560 3286 premissis.

403 3307 481 3368 ltem
506 3307 594 3388 quod
620 3308 695 3389 quia
720 3307 853 3370 domina
879 3308 979 3370 Elena
1005 3309 1113 3370 relicta
1131 3309 1267 3371 condam
1295 3309 1444 3392 Gregorii
1468 3311 1559 3394 pelli·

295 3397 374 3491 fi'cis,
399 3433 484 3474 nunc
508 3432 584 3476 vero
609 3433 741 3475 consors
773 3413 930 3495 legittima
964 3414 1135 3497 Symonia‚
1167 3415 1352 3498 propinavit
1375 3431 1405 3477 et
1429 3416 1562 3480 donavit

295 3517 502 3580 medietatem
521 3519 687 3580 cuiusdam
710 3519 826 3580 domus
842 3533 965 3584 murate
983 3540 1018 3582 ac
1037 3517 1128 3582 fundi
1146 3521 1227 3582 inter
1244 3521 1327 3582 viam
1353 3541 1559 3583 communem

295 3624 592 3706 aseptemtrionali
618 3639 648 3686 et
672 3625 864 3687 occidentali
893 3627 1037 3708 partibus
1070 3647 1106 3688 ac
1138 3627 1342 3690 medietatem
1369 3627 1560 3710 cuius(dam)

295 3731 405 3813 (h)orti
430 3745 516 3793 extra
547 3745 672 3813 portam
704 3733 865 3814 lapideam
899 3733 980 3794 inter
1011 3733 1164 3814 (h)ortum
1189 3733 1343 3795 lobannis
1377 3733 1558 3817 Peroycza

295 3837 500 3898 meridionali
525 3851 556 3900 et
588 3859 606 3899 a
638 3838 892 3920 septemtrionali
929 3839 1011 3900 inter
1046 3837 1199 3921 (h)ortum
1232 3839 1385 3901 Demetrii
1423 3839 1560 3918 Sicchki,

294 3944 397 4004 immo
422 3943 511 4005 dedit
535 3959 565 4004 et
589 3945 773 4026 propinavit
789 3945 848 4006 sibi
870 3945 937 4026 jure
955 3959 1111 4028 perpetuo
1136 3959 1166 4007 et
1183 3947 1435 4007 irrevocabiliter
1459 3947 1559 4028 possi·

293 4049 434 4111 dendam
459 4065 490 4112 et
514 4049 716 4126 habendam;
749 4051 799 4112 cui
834 4051 969 4133 Symoni
1003 4051 1113 4112 Raden
1147 4051 1219 4112 data
1249 4065 1295 4113 est
1319 4051 1408 4114 litera
1433 4053 1559 4134 privile·

293 4135 388 4238 gialis
412 4175 508 4239 super
532 4157 703 4238 premissis.

401 4263 478 4324 ltem
504 4263 579 4345 quia
604 4262 750 4326 vendidit
768 4263 928 4346 Georgius
944 4277 1033 4326 sutor
1050 4265 1154 4327 dictus
1171 4267 1280 4350 Roayn
1300 4277 1450 4326 executor
1465 4279 1558 4328 testa·

293 4371 393 4432 menti
418 4371 556 4431 verbalis
580 4370 742 4451 quandam
769 4371 975 4432 medietatem
1001 4371 1127 4450 domus,
1151 4372 1310 4454 reliquam
1335 4391 1411 4432 vero
1437 4372 1558 4435 medie-

292 4490 390 4538 tatem
417 4489 447 4537 et
472 4476 627 4538 maiorem
649 4490 772 4558 partem
791 4477 890 4558 ipsius
914 4477 1031 4538 domus
1049 4477 1195 4538 vendidit
1222 4477 1406 4539 Lodouicus
1431 4479 1558 4538 Andrea

293 4581 362 4644 filio
387 4581 521 4664 Georgii
553 4597 663 4645 nostro
697 4584 834 4662 concivi,
865 4585 961 4645 ambo
994 4584 1024 4644 in
1058 4584 1154 4645 simul
1187 4604 1245 4666 pro
1279 4584 1390 4665 viginti
1415 4585 1559 4666 quinque

292 4689 402 4771 pensis
426 4689 645 4768 denariorum,
670 4705 703 4751 ut
734 4689 798 4770 jam
831 4710 917 4752 novo
951 4691 1075 4752 concivi
1107 4705 1229 4770 nostr0,
1263 4691 1345 4753 inter
1371 4692 1503 4753 domum
1529 4705 1559 4752 et

293 4794 431 4856 fundum
457 4795 564 4870 relicte
589 4797 678 4857 lelka
704 4797 888 4858 mlinaricza
914 4797 996 4858 dicta
1027 4819 1064 4858 ac
1098 4798 1179 4859 inter
1203 4817 1330 4859 murum
1356 4799 1493 4859 civitatis
1518 4801 1557 4859 ab

291 4901 470 4980 occidente,
495 4918 525 4963 ct
549 4905 588 4964 ab
613 4904 737 4964 oriente
761 4905 843 4965 inter
868 4905 953 4965 viam
978 4923 1034 4966 seu
1059 4904 1199 4986 plateam
1226 4905 1483 4981 communitatis;
1503 4905 1554 4966 cui

293 5008 366 5082 data
392 5023 439 5082 est
476 5009 565 5078 litera
599 5009 808 5106 privilegialis
840 5031 934 5105 super
966 5011 1127 5104 premissis
1151 5025 1306 5105 perpetuo
1342 5011 1553 5105 possidendis,
