3810 5806
817 628 904 686 Auno
926 625 1022 706 1482.
1509 629 1551 709 67

288 838 430 900 eiusdem
455 838 571 900 domus
595 838 742 900 similiter
766 837 903 920 provido
927 853 957 900 et
974 838 1110 900 honesto
1135 839 1205 901 viro
1231 839 1383 921 magistro
1409 839 1551 902 Martino

287 945 326 1004 de
351 945 463 1006 eadem
489 944 629 1007 Chasma
653 964 711 1026 pro
737 945 850 1026 viginti
875 945 1020 1027 quinque
1044 944 1113 1008 flor.
1139 945 1302 1023 vendidit3
1336 946 1454 1028 quibus
1479 946 1552 1008 data

287 1064 333 1111 est
355 1049 447 1112 litera
471 1051 689 1133 privilegialis.

392 1157 490 1231 Quod
515 1157 591 1239 quia
614 1158 664 1218 vir
689 1156 844 1239 providus
869 1157 1076 1219 Sebastianus
1093 1158 1133 1220 de
1157 1157 1301 1236 Nandor,
1326 1157 1468 1220 concivis
1493 1175 1550 1218 no-

287 1269 359 1344 ster,
385 1264 417 1324 in
443 1283 579 1345 persona
604 1277 731 1325 etcum
757 1263 816 1325 hac
845 1264 1011 1326 voluntate
1044 1264 1245 1326 honorabilis
1268 1263 1394 1325 domini
1419 1262 1552 1346 Georgii

287 1371 427 1433 altariste
451 1390 504 1432 are
528 1371 629 1433 sancti
655 1371 780 1432 Nicolai
813 1370 1017 1450 confessoris,
1042 1391 1077 1432 ac
1109 1371 1244 1453 provide
1277 1384 1308 1433 et
1331 1370 1464 1432 honeste
1489 1371 1552 1432 Ka·

286 1477 410 1540 therine
434 1476 542 1538 relicte
567 1477 705 1539 condam
724 1477 877 1561 Stephani
896 1478 1124 1561 Tholmanych
1154 1479 1242 1556 dicti,
1267 1479 1445 1540 executoris
1462 1491 1550 1540 ante·

287 1583 362 1645 dicti
388 1583 524 1645 condam
551 1583 716 1666 Stephani,
740 1585 902 1666 quandam
934 1585 1061 1646 vincam
1096 1585 1195 1666 ipsius
1220 1583 1386 1666 Stephani,
1412 1584 1549 1646 Raven-

286 1690 381 1751 schalr
406 1703 562 1768 vocatam,
588 1690 619 1750 in
643 1689 807 1752 territorio
832 1704 941 1754 nostro
959 1711 1016 1753 seu
1041 1691 1178 1752 civitatis
1203 1689 1334 1772 prefate,
1359 1691 1455 1752 simul
1479 1710 1550 1752 cum

286 1796 428 1877 quodam
453 1794 572 1878 (h)orto
597 1797 751 1878 contiguo
774 1797 872 1878 ipsius
889 1797 983 1858 vinee
1007 1810 1038 1858 et
1060 1795 1100 1858 ad
1118 1796 1255 1858 eandem
1280 1810 1454 1880 spectante,
1472 1797 1552 1858 inter

285 1904 369 1966 viam
395 1903 556 1984 publicam
581 1924 598 1963 a
623 1917 711 1984 parte
736 1903 943 1983 occidentali,
968 1924 986 1965 a
1010 1919 1099 1986 parte
1132 1922 1209 1965 vero
1233 1903 1486 1985 septemtrionali
1511 1904 1551 1964 si-

286 2009 404 2070 militer
429 2009 509 2070 inter
533 2009 617 2070 viam
642 2029 862 2088 communem,
887 2009 1004 2071 abhinc
1028 2029 1106 2073 vero
1131 2009 1338 2092 procedendo
1362 2009 1401 2070 ad
1427 2023 1550 2092 partem

285 2114 474 2176 orientalem
498 2135 553 2198 per
589 2117 674 2176 viam
708 2135 916 2177 communem
950 2116 1096 2198 pervenit
1127 2115 1167 2176 ad
1199 2115 1364 2197 quoddam
1396 2113 1549 2178 fossatum

286 2220 371 2300 jarek
396 2221 528 2298 dictum,
552 2240 610 2303 pro
635 2235 719 2283 meta
744 2221 943 2303 deputatum,
978 2235 1009 2284 et
1032 2241 1089 2304 per
1122 2221 1261 2282 eundem
1296 2220 1416 2281 directe
1441 2219 1550 2282 eundo

287 2326 326 2387 ad
353 2326 566 2387 meridionem
591 2328 737 2409 pervenit
761 2328 801 2388 ad
839 2327 923 2388 viam
948 2326 1128 2409 pedestrem
1162 2339 1193 2388 et
1217 2326 1292 2386 inde
1316 2326 1455 2386 meando
1480 2346 1549 2408 per·

286 2433 372 2492 venit
395 2431 434 2492 ad
460 2429 612 2512 prefatam
631 2434 715 2494 viam
733 2434 895 2516 publicam
913 2433 953 2494 ad
970 2448 1092 2515 partem
1118 2431 1365 2506 occidentalem,
1390 2431 1492 2492 nobili
1517 2445 1548 2492 et

287 2538 423 2599 honesto
449 2538 518 2599 viro
543 2537 709 2600 Anthonio
734 2539 860 2600 literato
878 2539 917 2600 de
942 2539 1039 2620 Papia
1066 2559 1102 2599 ac
1120 2557 1175 2619 per
1194 2557 1267 2598 eum
1292 2537 1356 2598 suis
1380 2537 1551 2598 heredibus

286 2663 344 2726 pro
367 2644 555 2726 quindecim
580 2643 651 2706 flor.
681 2646 828 2707 vendidit
859 2659 1016 2728 perpetuo
1050 2644 1299 2727 possidendam
1333 2644 1383 2705 cui
1408 2644 1479 2705 data
1505 2659 1550 2706 est

286 2751 375 2811 litera
400 2749 621 2831 privilegialis.

393 2855 531 2937 thuia
557 2858 712 2938 probast
746 2855 880 2918 honesta
906 2856 1007 2918 Elena
1040 2857 1155 2918 mulier
1187 2875 1267 2916 uxor
1293 2855 1459 2918 Michaelis
1484 2875 1549 2917 car·

286 2960 389 3022 trilicis
412 2977 443 3023 et
468 2963 581 3024 Simon
600 2963 735 3024 clericus
752 2983 926 3044 germanus
943 2964 1085 3025 eiusdem
1107 2963 1208 3024 Elene
1233 2963 1376 3023 mulieris
1399 2961 1456 3024 filii
1474 2983 1549 3024 con-

286 3069 359 3128 dam
385 3069 539 3129 Anthonii
563 3070 691 3147 sutoris,
726 3069 882 3151 quasdam
916 3069 995 3130 duas
1027 3069 1169 3152 ipsorum
1204 3068 1375 3150 particulas
1398 3068 1550 3148 vineales,

285 3175 349 3256 jam
375 3177 406 3236 in
432 3196 528 3237 unam
546 3175 699 3255 redactas,
725 3177 756 3237 in
774 3175 935 3237 territorio
954 3189 1064 3237 nostro
1081 3195 1137 3236 seu
1161 3175 1296 3236 civitatis
1321 3173 1450 3256 prefate,
1469 3175 1551 3237 inter

287 3281 366 3342 duas
389 3282 455 3342 vias
478 3301 678 3360 communes,
703 3301 799 3343 unam
825 3283 864 3342 ab
890 3282 1013 3344 oriente
1038 3296 1068 3344 et
1085 3281 1181 3342 aliam
1207 3302 1223 3341 a
1248 3281 1477 3363 septemtrione
1495 3281 1549 3342 ha-

288 3387 368 3449 bitas
392 3403 421 3448 et
440 3387 522 3449 inter
546 3388 656 3449 vineas
672 3389 798 3470 providi
822 3388 905 3450 Petri
924 3387 1149 3470 Bedekowych
1176 3387 1251 3447 dicti
1277 3401 1307 3448 et
1331 3406 1549 3448 successorum

288 3493 423 3555 condam
451 3493 590 3576 Philippi
615 3495 732 3554 sutoris
757 3494 882 3576 Dwdey
914 3495 1078 3576 appellati,
1104 3515 1120 3554 a
1155 3493 1359 3556 meridionali
1385 3507 1484 3576 parte,
1509 3495 1548 3555 ad

287 3613 407 3681 partem
432 3619 508 3660 veto
532 3600 764 3661 occidentalem
789 3620 893 3681 usque
919 3600 1057 3661 rivulum
1092 3620 1148 3661 scu
1174 3600 1344 3660 decursum
1369 3619 1451 3680 aque
1476 3599 1548 3681 plu·

288 3704 379 3766 vialis
402 3726 435 3766 se
460 3707 697 3786 extendentem,
722 3707 871 3768 Michaeli
894 3706 1032 3768 carnifici
1066 3707 1105 3768 ad
1138 3706 1362 3768 redimendum
1387 3705 1546 3768 dederunt

287 3825 412 3893 etpost
443 3812 704 3894 redempcionem
737 3813 804 3894 jure
836 3814 1052 3892 contulerunt,
1084 3832 1181 3894 quam
1218 3812 1284 3894 ipse
1319 3811 1456 3873 Michael
1489 3831 1547 3894 pro

286 3919 399 3999 viginti
425 3939 489 3982 uno
514 3935 544 3981 et
569 3921 677 3981 medio
701 3919 769 3982 flor.
795 3919 949 3996 redemit;
975 3919 1024 3980 cui
1043 3919 1115 3980 data
1140 3933 1186 3980 est
1209 3918 1302 3980 litera
1327 3917 1553 3999 privilegialis,

393 4025 489 4100 Quod
523 4026 598 4107 quia
630 4027 677 4087 vir
710 4027 863 4108 providus
895 4039 926 4088 et
959 4025 1112 4086 honestus
1145 4024 1269 4086 Blasius
1302 4022 1441 4106 lrenipar
1465 4022 1550 4085 filius

287 4131 463 4210 Ambrosii,
486 4132 564 4192 olim
590 4133 731 4193 concivis
756 4145 874 4211 noster,
906 4132 1069 4213 quandam
1103 4133 1235 4193 domum
1261 4150 1350 4192 suam
1375 4150 1431 4191 seu
1456 4130 1550 4192 civile

287 4257 322 4298 ac
345 4237 464 4298 celario
489 4238 697 4300 subterraneo
730 4239 760 4299 in
795 4239 878 4300 dicta
907 4239 1036 4300 civitate
1071 4238 1151 4299 inter
1183 4238 1298 4298 domos
1321 4256 1378 4297 seu
1402 4236 1549 4298 civiliaa

286 4359 375 4424 parte
398 4344 663 4425 septemtrionali,
690 4344 816 4426 providi
841 4358 872 4408 et
896 4343 1021 4407 honesti
1057 4343 1114 4404 viri
1141 4343 1301 4405 Valentini
1327 4342 1507 4425 freniparis,
1532 4363 1550 4403 a

286 4464 375 4532 parte
400 4471 476 4511 vero
510 4451 658 4511 orientali
693 4471 790 4532 penes
823 4470 951 4512 murum
985 4451 1067 4511 dicre
1100 4450 1255 4528 civitatis,
1287 4470 1303 4510 a
1330 4465 1418 4530 parte
1441 4463 1548 4510 autem

288 4557 492 4618 meridionali
531 4577 630 4639 penes
662 4557 795 4620 domum
826 4559 999 4620 liberorum
1034 4555 1200 4618 Michaelis
1232 4554 1388 4638 pellificis,
1420 4575 1436 4616 a
1461 4567 1549 4637 parte

286 4677 391 4724 autem
418 4664 608 4725 occidentali
633 4684 732 4745 penes
756 4665 840 4726 viam
866 4665 1041 4746 publicam,
1076 4662 1226 4726 Michaeli
1251 4661 1392 4724 carnifici
1417 4681 1475 4744 pro
1501 4663 1547 4722 vi·

286 4770 366 4850 ginti
391 4769 458 4831 flor.
492 4769 580 4832 dedit
610 4785 641 4832 et
670 4770 815 4832 vendidit
848 4785 1004 4853 perpetuo
1038 4769 1284 4854 possidendam,
1317 4771 1367 4830 cui
1404 4770 1475 4830 data
1504 4782 1549 4830 est

287 4877 377 4936 litera
401 4877 620 4958 privilegialis.

393 4983 491 5057 Quod
516 4983 591 5065 quia
615 4985 769 5065 providus
793 4999 823 5045 ct
845 4983 997 5046 honestus
1014 4983 1061 5043 vir
1086 4983 1224 5044 lacobus
1247 4995 1335 5043 sutor
1362 4980 1545 5063 Bekethych

288 5090 402 5172 dictus,
426 5091 568 5152 concivis
592 5104 708 5168 noster,
733 5089 896 5171 quandam
931 5089 1135 5151 medietatem
1161 5089 1326 5150 cuiusdam
1353 5088 1470 5148 domus
1494 5107 1549 5148 sue

1409 5205 1427 5248 a
