3810 5806
369 539 428 600 140
908 517 1088 581 tuventaro.

363 733 467 816 prime
490 732 606 815 pagine
631 731 764 794 secundi
789 730 876 794 lolii:
898 733 993 814 »quia
1010 732 1091 795 ostia
1108 732 1250 814 aquilae,
1268 744 1299 794 et
1315 731 1348 795 in
1371 730 1434 794 fine
1452 731 1526 794 libri
1542 729 1631 796 finit:

368 837 487 900 »heca
512 837 647 900 domino
671 836 734 900 deo
758 837 930 920 petenda«.

468 944 545 1006 Item
572 943 648 1006 certi
672 943 746 1005 libri
766 943 894 1022 Bibilie,
919 943 959 1005 de
976 944 1109 1026 antiqua
1129 943 1231 1024 litera,
1249 945 1281 1005 in
1307 963 1426 1027 magno
1450 944 1629 1026 volumine,

360 1073 378 1113 a
402 1051 521 1116 Genesi
540 1071 640 1132 usque
664 1051 704 1138 acl
721 1051 839 1113 librum
864 1051 963 1132 Iudit,
988 1066 1019 1114 et
1043 1052 1171 1134 incipit:
1200 1051 1329 1114 »Frater
1353 1052 1573 1114 Ambrosius«

467 1157 543 1220 Item
569 1158 651 1218 liber
669 1155 876 1241 Apokalipsis
900 1178 974 1221 cum
990 1157 1091 1240 glosis
1114 1159 1189 1239 suis,
1214 1159 1246 1220 in
1271 1178 1371 1242 parvo
1395 1159 1573 1237 volumine,
1598 1172 1630 1221 et

362 1265 495 1348 incipit:
524 1264 767 1347 »ApokaIIpsisr
794 1263 853 1328 hec
870 1264 938 1327 sola
964 1265 995 1327 in
1013 1263 1076 1326 fine
1094 1264 1215 1327 habens
1231 1279 1355 1348 septem
1380 1265 1522 1348 psalmos
1539 1265 1629 1348 peni·

360 1371 512 1434 tenciales
536 1390 609 1432 cum
629 1371 738 1453 glosis.

467 1477 545 1540 Item
570 1497 654 1539 unus
677 1477 760 1539 liber
785 1477 971 1555 Moralium,
996 1478 1028 1538 In
1054 1497 1173 1558 magno
1191 1477 1368 1557 volumine,
1394 1476 1434 1538 de
1457 1476 1549 1538 litera
1574 1495 1629 1538 an-

360 1585 461 1666 tIqua,
486 1599 517 1645 et
541 1583 653 1666 incipit
677 1583 717 1644 de
741 1583 833 1646 litera
858 1583 898 1646 de
922 1583 1049 1646 rubrica
1067 1602 1139 1645 curn
1165 1583 1266 1646 literis
1280 1583 1416 1666 grossis:
1446 1583 1628 1644 »Reveren-

362 1691 495 1754 dissimo
520 1704 551 1752 et
575 1689 777 1752 sanctissimo
799 1686 888 1752 fratri
907 1689 1079 1752 Leonardo
1096 1690 1323 1772 coepiscopo«,
1341 1703 1373 1751 et
1390 1690 1423 1751 in
1443 1687 1507 1752 fine
1524 1690 1627 1771 prime

362 1797 479 1879 pagine
503 1796 636 1858 secundi
668 1794 737 1858 lolii
770 1794 857 1858 finit:
895 1815 968 1879 »per
998 1796 1184 1858 testImonia
1215 1795 1256 1858 ad
1284 1815 1436 1879 supremo
1461 1810 1492 1858 et
1516 1797 1626 1878 quia«,

365 1904 533 1966 contiuens
550 1904 582 1965 In
599 1922 632 1964 ae
646 1902 757 1964 decern
781 1915 813 1964 et
837 1916 910 1965 octo
924 1902 1023 1964 libros
1036 1921 1110 1964 curn
1125 1922 1188 1964 una
1205 1915 1318 1984 quarta
1331 1902 1371 1965 de
1385 1901 1512 1965 decImo
1526 1922 1625 1965 nono.

466 2010 544 2073 Item
568 2009 710 2072 secunda
734 2029 806 2092 pars
829 2009 1014 2089 Moralium,
1038 2023 1070 2071 et
1087 2008 1199 2090 incipit
1215 2027 1288 2070 cum
1306 2009 1419 2090 nigro:
1448 2009 1628 2092 ›Incipiunt

361 2117 500 2199 capitula
526 2116 598 2178 libri
623 2115 757 2196 XVIII«,
782 2129 817 2178 ut
849 2115 881 2178 in
906 2113 969 2178 fine
1000 2115 1104 2197 prime
1136 2115 1254 2197 pagine
1286 2115 1420 2177 secundi
1445 2113 1515 2177 folii
1539 2114 1627 2180 finit:

363 2226 407 2286 »si
432 2221 635 2286 iustificarem
660 2242 711 2284 me
735 2242 809 2300 vo«,
835 2235 866 2284 et
890 2221 922 2283 in
947 2220 1009 2283 fine
1034 2221 1108 2284 libri
1125 2221 1165 2283 de
1190 2221 1302 2282 eadem
1319 2221 1410 2284 litera
1436 2220 1522 2284 finit:
1551 2242 1628 2305 »pro

361 2333 411 2375 me
436 2313 583 2374 lacrimas
604 2312 655 2374 vel
680 2311 816 2374 reddit«.

466 2419 545 2481 Item
570 2418 651 2480 alius
667 2418 751 2479 liber
768 2417 981 2500 Excepcionis
998 2417 1170 2479 moralium
1189 2415 1273 2478 beati
1292 2414 1442 2496 Gregorii
1466 2417 1626 2480 editarum

361 2545 379 2587 a
403 2525 547 2588 Valterio
570 2523 747 2586 venerabili
764 2525 890 2603 abbate,
915 2524 971 2606 qui
988 2523 1070 2585 liber
1087 2522 1201 2605 incipit
1224 2522 1429 2604 aprobemio
1454 2524 1626 2587 moralium

360 2633 444 2695 beati
471 2631 631 2714 Gre'goriI,
657 2644 688 2694 et
714 2631 745 2692 in
770 2628 834 2692 fine
865 2631 939 2692 libri
971 2629 1058 2692 finit:
1094 2630 1195 2691 »sicut
1226 2629 1363 2691 moralia
1387 2627 1543 2693 finiuntur
1567 2651 1626 2714 pro

360 2758 412 2800 me
436 2739 584 2801 lacrimas
608 2736 701 2802 ludit.

465 2845 543 2907 Item
568 2843 662 2906 fiores
686 2843 941 2905 Distinccionum
975 2843 1051 2904 novi
1077 2857 1108 2905 et
1138 2845 1255 2906 veteris
1277 2845 1472 2924 testamenti,
1497 2845 1530 2906 in
1559 2863 1624 2906 uno

359 2971 459 3034 parvo
482 2951 660 3029 volumine,
684 2949 724 3012 de
748 2968 845 3032 parva
869 2949 971 3027 litera,
1004 2949 1126 3010 habens
1158 2951 1190 3011 in
1215 2951 1376 3033 principio
1398 2951 1543 3014 tabulam
1570 2971 1627 3032 per

359 3057 579 3140 alphabetum,
604 3069 635 3120 et
659 3055 771 3138 incipit
787 3074 860 3117 curn
884 3056 1029 3118 rubrica:
1059 3055 1238 3138 »Incipiunt
1255 3056 1349 3119 flores
1373 3056 1624 3120 distinccionum

360 3164 399 3225 de
424 3164 568 3245 qualibet
591 3163 757 3240 materia«,
790 3175 821 3224 et
853 3162 885 3222 in
919 3159 981 3223 fine
1015 3162 1087 3223 libri
1119 3160 1205 3224 finit:
1243 3177 1507 3246 »persequeretur
1531 3162 1625 3226 Chri·

358 3270 489 3350 stianos,
513 3283 644 3332 actuum
669 3269 796 3331 decImo
821 3268 954 3331 tercior.

465 3376 544 3439 Item
567 3377 657 3458 glose
681 3395 776 3458 super
800 3376 964 3457 psalteri0,
994 3395 1057 3457 que
1091 3375 1268 3458 incipiunt:
1297 3395 1389 3438 »cum
1413 3395 1527 3438 omnes
1551 3395 1625 3458 pro·

359 3483 489 3566 phetas«
517 3484 557 3546 de
581 3484 672 3544 litera
698 3481 794 3562 longa
825 3481 923 3543 rubea
957 3495 988 3544 et
1019 3481 1138 3558 lazora,
1171 3495 1202 3544 et
1234 3483 1267 3544 in
1291 3481 1355 3545 fine
1379 3483 1483 3564 prime
1506 3482 1624 3564 pagine

360 3590 493 3652 secundi
517 3587 587 3653 lolii
611 3587 698 3650 finit:
727 3601 854 3670 »optata
871 3587 1081 3668 succedunt«,
1103 3603 1134 3650 et
1151 3589 1183 3650 in
1201 3587 1264 3652 fine
1286 3589 1360 3650 libri
1385 3587 1472 3651 finit:
1501 3588 1627 3650 »omnis

360 3697 488 3779 spiritus
512 3695 622 3758 laudat
646 3695 849 3756 dominum«.

465 3802 542 3864 Item
568 3801 688 3863 Postila
713 3801 840 3862 Nicolai
865 3801 905 3862 de
923 3801 996 3862 Lira
1015 3821 1110 3886 super
1126 3802 1289 3884 psalteri0,
1306 3815 1337 3864 et
1360 3801 1493 3884 inprit:
1522 3801 1625 3862 ›Lau-

360 3908 529 3970 dacionem
554 3908 678 3970 domini
702 3909 854 3990 loquetur
877 3928 913 3970 os
937 3927 1079 3986 meum«,
1104 3923 1135 3971 et
1159 3909 1192 3970 in
1222 3909 1285 3970 fine
1308 3908 1412 3991 prime
1436 3910 1552 3991 pagine
1576 3928 1624 3970 se·

360 4014 455 4076 cundi
480 4013 550 4076 lolii
574 4014 661 4077 finit:
690 4035 726 4075 »a
749 4013 829 4076 facie
853 4028 936 4077 terre
954 4016 1077 4098 impii«,
1103 4029 1134 4079 et
1151 4017 1183 4078 in
1208 4014 1271 4078 fine
1288 4015 1361 4078 libri
1384 4013 1472 4078 finit:
1494 4029 1627 4097 »regnat

358 4123 391 4184 in
415 4122 522 4184 secula
546 4123 740 4186 seculorum.
766 4126 908 4184 Amenr.

467 4231 544 4293 Item
570 4249 670 4292 unum
695 4231 849 4292 volumen
884 4231 1053 4292 continens
1084 4230 1115 4290 in
1140 4249 1172 4290 se
1204 4230 1359 4312 ystoriam
1384 4229 1626 4312 Troyanorum,

361 4337 583 4398 Romanorum
609 4350 639 4399 et
664 4338 830 4416 Cesarunr,
856 4350 886 4400 et
903 4351 950 4398 est
967 4336 1006 4396 de
1024 4356 1143 4418 magno
1160 4335 1339 4416 volumIne‚
1356 4355 1468 4398 carens
1492 4355 1626 4418 cooper-

359 4443 456 4522 torio,
480 4457 510 4506 et
534 4444 637 4526 prima
663 4445 752 4506 litera
770 4444 907 4506 lacerata
932 4457 979 4506 est
1009 4445 1040 4504 In
1058 4443 1229 4526 prinprio,
1254 4456 1286 4505 et
1301 4441 1372 4505 finit
1396 4443 1428 4504 In
1453 4441 1516 4504 fine
1534 4443 1626 4506 libri:

364 4550 428 4611 »ibi
453 4550 702 4613 consedissent«.

762 4745 922 4807 Textus
955 4743 1225 4808 Summarum.

469 4886 545 4948 Item
571 4907 654 4949 nnus
678 4887 759 4949 liber
782 4901 886 4949 textus
911 4887 1117 4950 Summarum
1146 4888 1254 4970 magni
1280 4888 1467 4966 voluminis,
1492 4887 1532 4949 de
1555 4887 1628 4970 pul·

361 4994 495 5055 cerrima
518 4993 620 5073 litera,
638 5007 668 5054 et
685 4994 814 5076 inprit:
845 4994 1040 5078 »Cupientes
1064 4993 1189 5076 aliquid
1207 4995 1247 5058 de
1264 4995 1430 5078 penuriae,
1456 5009 1487 5056 et
1511 4995 1543 5056 in
1563 4992 1626 5055 line
