3842 5802
815 523 901 582 Anno
923 518 1018 601 1480.
1508 543 1549 604 45

283 734 504 816 procedendo,
528 733 642 814 viginti
666 747 739 795 octo
769 733 897 796 brachia
922 732 1024 795 lerrea
1050 734 1082 794 in
1100 734 1305 816 longitudine
1330 736 1550 798 mensurando

286 841 320 902 in
345 862 377 903 se
403 840 552 920 habente,
576 841 609 902 iu
645 839 815 902 latitudine
850 859 926 902 vero
963 861 980 901 a
1011 841 1061 902 via
1098 861 1155 903 seu
1187 842 1291 924 platea
1323 843 1487 904 communi
1512 843 1552 903 ab

285 948 410 1012 oriente
434 948 493 1010 sita
518 966 619 1030 usque
644 945 781 1009 fundum
805 947 952 1009 similiter
969 947 1069 1029 ipsius
1086 947 1248 1010 Dominici
1267 948 1382 1010 literati
1408 950 1449 1010 ab
1466 949 1550 1010 occi-

286 1054 383 1116 dente
407 1035 776 1132 habitum'tendentem,
801 1054 911 1116 decem
937 1053 1065 1115 brachia
1095 1052 1194 1116 lerrea
1220 1054 1436 1116 mensurando
1462 1056 1492 1116 in
1517 1075 1550 1116 se

286 1161 518 1236 continentem,
544 1160 626 1223 inter
650 1159 747 1221 aliam
772 1160 947 1220 stacionem
981 1175 1138 1222 muratam
1163 1161 1295 1221 rectoris
1318 1160 1426 1222 altaris
1450 1162 1550 1222 sancti

287 1268 413 1330 Nicolai
438 1267 580 1350 episcopi
614 1279 645 1328 et
676 1264 868 1328 confessoris
901 1266 931 1326 in
966 1266 1099 1328 ecclesia
1131 1279 1238 1328 nostra
1270 1267 1445 1349 parochiali
1477 1287 1551 1328 con-

288 1375 411 1450 structi,
435 1376 476 1435 ab
500 1373 666 1435 occidente
692 1373 832 1434 habitam
867 1385 898 1433 et
932 1372 1134 1452 existentem,
1166 1373 1269 1454 ipsum
1295 1373 1464 1435 Nicolaum
1490 1394 1552 1434 sar-

287 1493 390 1541 torem
415 1501 432 1541 a
457 1480 591 1562 provida
625 1493 655 1542 et
687 1479 821 1542 honesta
855 1478 993 1540 condam
1027 1479 1229 1560 Margaretha
1265 1499 1362 1542 uxore
1395 1501 1452 1542 sua
1485 1480 1552 1560 jure

287 1587 503 1669 propinaticio
528 1599 559 1648 et
583 1585 748 1649 donaticio
777 1585 952 1648 literatorie
985 1587 1142 1667 legittime
1174 1599 1432 1665 concernentem,
1456 1588 1552 1648 simul

287 1713 362 1754 cum
387 1693 539 1755 omnibus
562 1693 755 1754 utilitatibus
788 1689 909 1774 prefate
942 1693 1078 1772 domus,
1110 1691 1285 1754 fundorum
1319 1707 1350 1754 et
1373 1694 1552 1755 stacionum

287 1813 485 1861 muratarum
510 1798 616 1860 eidem
644 1798 751 1860 Blasio
776 1797 936 1860 Alemano
961 1798 1131 1879 legavisset
1155 1813 1186 1860 et
1210 1801 1474 1862 testamentaliter
1505 1801 1553 1860 di·

288 1905 446 1980 misisset;
470 1905 544 1965 ideo
569 1917 643 1965 sunt
660 1903 720 1964 sibi
739 1903 830 1966 litere
848 1905 1066 1986 privilegiales
1090 1918 1120 1966 et
1137 1905 1304 1967 statutorie
1328 1925 1424 1986 super
1440 1907 1552 1968 cadem

287 2009 390 2071 domo
414 2010 589 2072 extradate.
