3804 5798
386 563 449 623 206
926 565 1108 627 Inventaria.

1338 673 1645 680 ——--—·——--

491 776 613 850 Quinte
638 777 729 838 litere
761 777 978 858 privilegiales
1012 778 1087 839 Bele
1116 780 1199 860 regis
1229 797 1325 861 super
1357 777 1524 840 ecclesiam
1549 779 1649 840 sancti

385 883 496 944 iacobi
522 896 553 944 et
577 902 672 966 super
698 883 888 945 molendino
913 897 971 947 etc.

492 990 584 1052 Sexte
608 991 699 1052 litere
722 990 940 1073 privilegiales
965 1011 1020 1074 per
1045 993 1178 1053 modum
1204 992 1412 1074 transsumpti
1437 991 1572 1054 ecclesie
1597 1011 1648 1052 za-

384 1097 561 1176 grabiensis
586 1097 625 1160 de
651 1097 793 1159 Zomzed
818 1112 849 1159 et
873 1097 996 1179 capella
1020 1111 1126 1160 sancte
1154 1099 1266 1161 Elene.

493 1221 636 1303 Septime
670 1223 761 1284 litere
794 1221 973 1285 Clementis
1005 1223 1134 1285 lectoris
1169 1237 1199 1285 et
1231 1223 1377 1286 canonici
1402 1221 1538 1283 ecclesie
1562 1220 1649 1286 chas-

386 1329 505 1389 mensis
529 1343 560 1390 et
582 1328 696 1410 judicis
720 1329 827 1392 asede
843 1329 1019 1411 apostolica
1044 1330 1198 1412 deputati,
1220 1331 1252 1391 in
1276 1330 1389 1411 papiro
1406 1343 1552 1410 patenter
1576 1346 1648 1388 cum

385 1435 623 1516 subscripcione
649 1435 775 1514 notarii,
800 1437 922 1517 absque
946 1435 1054 1516 sigillo
1079 1435 1197 1498 habite.

493 1541 615 1603 Octave
640 1542 730 1604 litere
756 1540 861 1604 fratris
877 1542 1030 1604 Vimandi
1048 1543 1172 1604 abbatis
1189 1543 1376 1604 monasterii
1402 1543 1494 1604 beate
1517 1540 1651 1622 virginis

388 1647 605 1729 privilegialea
621 1647 661 1709 de
685 1649 778 1710 vinea
803 1663 910 1710 sancte
939 1649 1051 1710 Eleae.

492 1754 586 1815 None
611 1753 702 1815 litere
727 1754 944 1836 privilegiales
976 1755 1107 1838 capituli
1140 1755 1272 1817 ecclesie
1309 1753 1525 1834 zagrabiensis
1557 1771 1651 1834 super

387 1860 527 1942 quadam
553 1860 646 1922 vinea
671 1861 702 1921 in
727 1861 889 1923 territorio
915 1862 1118 1923 Bwkowcza.

495 1983 626 2046 Decime
651 1985 742 2046 litere
767 1985 852 2046 lwan
870 1985 997 2047 comitis
1014 1985 1070 2048 filii
1096 1985 1221 2046 lrozlaii
1240 1985 1279 2046 de
1298 1983 1428 2062 Oklich,
1453 1981 1595 2060 metales‚
1620 1980 1651 2040 in

387 2110 585 2172 pargameno
609 2091 751 2173 oblonge
775 2089 930 2155 conlecte.

494 2198 677 2260 Undecimo
701 2198 793 2260 litere
816 2212 879 2260 tres
903 2201 962 2261 sub
987 2219 1053 2260 uno
1078 2211 1247 2260 contextu:
1278 2197 1389 2258 Karoli
1417 2196 1500 2278 regis
1524 2194 1579 2256 ubi
1603 2213 1652 2256 ca-

388 2318 488 2366 strum
513 2305 742 2368 Zomzedwara
766 2319 812 2367 est
830 2305 861 2366 in
885 2320 968 2367 terra
993 2305 1137 2384 abbacie,
1161 2319 1192 2366 et
1210 2305 1373 2385 obligatur
1397 2303 1544 2386 quolibet
1567 2319 1652 2363 anno

389 2425 509 2472 certum
536 2431 666 2472 censum
691 2411 875 2474 annualem.

495 2517 695 2579 Duodecime
713 2517 804 2579 litere
821 2517 1076 2599 indulgenciales
1092 2531 1252 2580 certorum
1272 2515 1481 2578 cardinalium
1500 2513 1652 2576 tredecim

388 2623 503 2704 sigillis
528 2623 755 2706 impendendis
779 2625 975 2706 consignate.

495 2729 687 2792 Tredecime
712 2731 803 2793 litere
827 2731 1044 2814 privilegiales
1080 2731 1278 2812 sigismundi
1304 2730 1344 2792 de
1368 2730 1571 2814 Veyspryacz
1596 2726 1653 2788 do·

390 2838 468 2898 mini
494 2836 533 2898 de
558 2837 684 2899 Medwe
709 2839 749 2900 de
774 2839 898 2901 duabus
922 2839 1179 2920 possessionibus
1203 2838 1242 2898 de
1268 2839 1402 2900 Nowak.

497 2961 748 3036 Quartedecime
773 2963 863 3024 litere
888 2963 1107 3045 privilegiales
1124 2962 1255 3044 capituli
1281 2962 1413 3024 ecclesie
1438 2959 1654 3042 zagrabiensis

389 3089 485 3150 super
509 3069 766 3131 commutacione
791 3083 873 3132 terre
897 3089 960 3150 que
985 3069 1157 3151 Podgorye
1182 3069 1311 3130 dicitur.

497 3175 745 3250 Quintedecime
763 3176 853 3238 litere
870 3176 1087 3258 privilegiales
1112 3175 1224 3237 Karoli
1242 3176 1326 3256 regis
1342 3195 1437 3256 super
1459 3171 1655 3236 fundacione

392 3282 514 3365 capelle
538 3294 646 3344 sancte
672 3283 772 3344 Maria
798 3283 837 3344 de
862 3283 1028 3364 Zagrabia.

500 3387 669 3450 Sedecime
701 3389 792 3451 litere
825 3389 955 3470 capituli
993 3389 1209 3470 zagrabiensis
1241 3389 1272 3449 in
1305 3407 1502 3470 pargameno
1534 3387 1654 3468 absque

394 3495 513 3576 sigillo,
536 3514 593 3576 per
617 3495 750 3556 modum
775 3497 981 3578 transsumpti
1010 3494 1166 3558 confecte.

498 3619 632 3681 Decime
657 3621 791 3701 septime
815 3620 906 3681 litere
931 3620 1148 3701 privilegiales
1172 3620 1271 3682 lwani
1296 3619 1422 3682 comitis
1445 3617 1503 3680 filii
1528 3617 1652 3679 lrozlaii

392 3726 431 3788 de
457 3725 611 3788 Ochlwcz
636 3739 869 3808 superterram
895 3741 1002 3790 sancte
1020 3727 1121 3788 Elene
1143 3727 1310 3788 ecclesiam
1336 3725 1579 3788 circumdantes.

498 3832 632 3894 Decime
665 3846 774 3894 octave
810 3833 901 3894 litere
937 3833 1155 3916 privilegiales
1187 3833 1319 3915 capituli
1352 3832 1568 3914 zagrabiensis
1600 3850 1656 3913 per

393 3937 526 3999 modum
551 3939 758 4021 transsumpti
782 3958 876 4020 super
901 3940 1003 4000 insula
1028 3941 1128 4001 sancti
1154 3941 1265 4001 lacobi
1291 3940 1385 4000 etde
1410 3940 1566 4001 Zanabor.

412 4146 416 4154 Ι
499 4062 632 4125 Decime
657 4083 742 4124 none
759 4063 849 4125 litere
875 4064 1005 4145 capituli
1024 4065 1240 4146 zagrabiensis
1258 4065 1289 4125 in
1314 4083 1510 4146 pargameno
1535 4064 1656 4142 absque

392 4169 499 4251 sigillo
523 4189 580 4251 per
604 4170 738 4231 modum
762 4171 967 4253 transsumpti
1000 4191 1094 4252 super
1119 4171 1220 4232 literis
1252 4170 1363 4232 Karoli
1396 4171 1479 4252 regis
1512 4167 1656 4231 confecto

393 4277 595 4338 continentes
620 4276 776 4358 quasdam
801 4295 923 4337 marcas
947 4277 979 4338 in
1005 4297 1047 4340 se.

498 4382 658 4444 Vicesime
693 4383 784 4444 litere
818 4382 988 4444 Thiburcii
1028 4383 1155 4444 comitis
1195 4382 1410 4463 zagrabiensis
1441 4379 1657 4464 privilegiales

393 4510 489 4573 super
513 4489 615 4551 insula
640 4489 740 4551 sancti
766 4489 877 4551 Jacobi
903 4509 1000 4572 quam
1026 4489 1120 4550 Zawa
1146 4489 1267 4551 circuit.

499 4597 662 4677 Vigesime
697 4598 800 4680 prime
832 4597 923 4659 litere
955 4595 1060 4658 fratris
1093 4595 1271 4678 Wymandi
1313 4596 1436 4658 abbatis
1471 4594 1656 4658 monasterii

393 4723 490 4786 super
514 4703 740 4765 molendinum
767 4703 982 4766 Chwkowecz
1007 4703 1038 4764 in
1063 4702 1177 4784 papiro
1201 4703 1322 4783 absque
1347 4702 1455 4783 sigillo
1480 4701 1597 4767 habite.

498 4826 661 4909 Vigesime
683 4827 823 4890 secunde
840 4828 931 4890 litere
949 4827 1092 4889 eiusdem
1111 4826 1289 4908 Wymandi
1307 4827 1431 4888 abbatis
1447 4847 1543 4908 super
1561 4826 1659 4890 Chw-

395 4934 524 4994 kowecz
557 4935 781 4996 molendinum
815 4955 872 5017 per
904 4935 1037 4996 modum
1070 4932 1252 5014 trassumpti
1279 4933 1388 4995 habite
1421 4949 1451 4996 et
1482 4953 1579 4996 manu
1604 4935 1659 4996 Jo-

394 5037 509 5100 hannis
532 5039 571 5100 de
597 5041 698 5102 Pades
722 5042 892 5122 assignate.
