3804 5798
1004 1181 1066 1260 ΙΧ.

457 1361 591 1460 (Anno)
626 1359 736 1437 1513.
777 1359 1014 1436 Inventarium
1044 1361 1225 1460 prehende
1254 1369 1380 1438 sancte
1410 1361 1610 1438 Dorothee.

510 1521 588 1583 ltem
613 1521 717 1603 primo
743 1521 837 1582 habet
861 1520 902 1581 ad
935 1540 1021 1581 aram
1054 1533 1161 1581 sancte
1186 1520 1348 1582 Dorothee
1380 1522 1445 1584 duo
1471 1523 1660 1584 candelabra

404 1648 532 1711 cuprea.

509 1733 618 1796 Unum
644 1733 707 1794 vile
733 1733 860 1794 Missale
886 1734 916 1793 in
949 1753 1154 1814 pargameno

509 1841 586 1902 Item
613 1842 671 1902 tria
696 1853 885 1902 ornamenta
910 1859 973 1918 are,
998 1859 1100 1900 unum
1124 1839 1219 1901 vilius
1243 1854 1274 1901 et
1299 1839 1363 1902 duo
1388 1841 1534 1905 meliora.

509 1947 585 2009 Item
612 1966 709 2008 unam
734 1947 861 2007 vineam
878 1948 997 2007 bonam
1023 1960 1054 2006 et
1070 1947 1129 2006 sub
1147 1945 1260 2007 eadem
1289 1959 1387 2007 terras
1411 1947 1548 2008 arabiles
1565 1967 1664 2030 prope

402 2069 546 2116 sanctum
572 2054 751 2116 iohannem
777 2051 921 2134 undique
946 2051 1072 2113 fossatis
1095 2053 1317 2113 circumdatas.

509 2161 585 2223 ltem
611 2163 641 2222 in
667 2160 827 2222 territorio
852 2159 912 2220 vici
939 2159 1128 2220 Latinorum
1154 2178 1249 2220 unam
1275 2159 1413 2239 vineam,
1439 2159 1478 2220 de
1503 2179 1566 2242 qua
1583 2162 1664 2222 obli·

402 2282 518 2349 gantur
542 2269 704 2348 octoginta
728 2267 920 2328 viennenses
943 2266 1032 2326 omni
1057 2285 1143 2326 anno
1168 2285 1226 2348 pro
1251 2265 1386 2328 decima.

509 2374 585 2435 Item
612 2374 707 2435 babet
733 2373 764 2433 in
789 2391 904 2453 campo
936 2371 997 2432 vici
1030 2372 1220 2434 Latinorum
1253 2387 1351 2433 terras
1383 2373 1519 2433 arabiles
1545 2374 1576 2434 in
1601 2392 1666 2434 uno

403 2482 475 2542 loco
500 2482 558 2542 sub
585 2479 831 2562 Czyglennycza
857 2477 958 2540 dietas
979 2492 1043 2541 tres
1060 2479 1110 2540 vel
1137 2480 1212 2540 citra
1239 2499 1310 2541 cum
1328 2477 1430 2558 fenili,
1456 2481 1573 2561 quibus
1590 2481 1665 2542 vici·

401 2601 517 2648 nautur
542 2587 581 2647 ab
605 2587 729 2648 oriente
754 2601 834 2647 terre
861 2605 914 2645 are
931 2586 1030 2645 sancti
1057 2585 1168 2646 lacobi
1185 2586 1322 2667 apostoli
1349 2586 1380 2646 in
1407 2586 1541 2647 ecclesia
1565 2587 1664 2647 sancti

402 2693 485 2772 regis
511 2692 662 2774 Stephani
689 2690 832 2768 fundate,
854 2711 870 2751 a
889 2691 1023 2751 meridie
1040 2693 1200 2769 rubetum,
1218 2694 1258 2752 ab
1276 2691 1441 2753 occidente
1466 2707 1549 2754 terre
1565 2693 1665 2753 sancti

401 2797 556 2859 Anthonii
583 2813 613 2860 et
636 2811 718 2859 terre
748 2811 931 2858 sanctorum
964 2797 1075 2858 decem
1110 2798 1210 2859 millia
1244 2798 1396 2876 Militum,
1421 2818 1438 2859 a
1463 2800 1664 2880 septemtrio·

401 2905 466 2965 nali
492 2905 541 2965 via
567 2904 697 2986 publica
722 2903 824 2965 tendit
848 2903 886 2964 ad
912 2903 1036 2965 Omnes
1061 2903 1205 2967 Sanctos

509 3009 585 3071 ltem
612 3011 642 3070 iu
661 3010 803 3070 secundo
821 3010 893 3070 loco
918 3008 1013 3070 habet
1026 3009 1126 3070 dietas
1147 3024 1309 3090 quattuor,
1329 3029 1391 3092 que
1416 3025 1588 3074 vocantur:
1614 3011 1664 3072 Li·

401 3117 516 3201 zychee
553 3131 584 3178 et
608 3118 787 3177 vicinantur
820 3115 940 3176 eisdem
974 3117 1013 3177 ab
1051 3118 1175 3177 oriente
1209 3130 1290 3178 terre
1317 3117 1479 3178 Ambrosii
1504 3115 1665 3179 barbiton·

400 3223 491 3300 soris,
516 3243 579 3304 que
605 3222 794 3304 prefuerunt
827 3223 978 3304 Stephani
1013 3223 1137 3300 Kelkel,
1169 3244 1185 3284 a
1218 3223 1352 3286 meridie
1392 3237 1473 3284 terre
1499 3224 1665 3304 hospitalis

401 3343 508 3391 sancte
534 3329 723 3410 Elyzabeth,
748 3331 787 3390 ab
812 3329 978 3389 occidente
1011 3329 1060 3388 via
1094 3329 1235 3410 publica,
1260 3349 1322 3410 que
1354 3329 1405 3390 via
1429 3330 1533 3392 tendit
1556 3349 1664 3390 versus

401 3438 529 3498 Zawam
563 3437 601 3496 de
634 3449 743 3497 sancto
767 3436 871 3513 Petro,
904 3456 921 3495 a
954 3436 1208 3516 septemtrionali
1242 3455 1318 3497 vero
1350 3437 1400 3498 via
1438 3437 1579 3519 publica,
1603 3456 1664 3519 que

401 3543 504 3605 tendit
528 3563 636 3602 versus
660 3543 814 3623 piscinam
841 3543 880 3602 de
904 3555 1015 3602 sancto
1042 3542 1144 3604 Petro.

506 3649 583 3709 ltem
609 3649 667 3710 sub
701 3649 845 3709 Moztecz
877 3648 972 3708 habet
1004 3662 1066 3709 tres
1098 3648 1199 3709 dietas
1230 3663 1312 3709 terre
1349 3649 1477 3710 arabilis
1502 3649 1552 3710 vel
1578 3649 1664 3724 citra,

401 3755 517 3836 quibus
541 3755 723 3816 vicinantur
740 3757 779 3816 ab
797 3755 917 3815 oriente
936 3769 1018 3815 terre
1039 3775 1091 3815 are
1109 3769 1215 3816 sancte
1235 3755 1362 3834 Ursule,
1387 3775 1404 3815 a
1429 3755 1563 3816 meridie
1581 3768 1660 3816 terre

400 3861 566 3922 cuiusdam
592 3861 664 3921 laici
690 3861 728 3920 de
754 3861 934 3936 Bwlrowcz,
959 3863 998 3921 ab
1016 3860 1182 3921 occidente
1201 3864 1349 3922 rubetum
1375 3861 1425 3921 vel
1451 3859 1567 3922 fluvius
1591 3861 1662 3943 plu-

399 3967 501 4044 vialis,
527 3967 582 4047 qui
606 3967 719 4028 transit
743 3969 802 4028 sub
835 3981 990 4044 moztecz,
1024 3987 1040 4028 a
1073 3967 1328 4046 septemtrionali
1360 3967 1411 4028 via
1435 3967 1575 4049 publica,
1600 3987 1661 4048 que

399 4074 501 4134 tendit
525 4093 634 4134 versus
659 4073 782 4135 Omnes
808 4073 951 4137 Sanctos.

505 4179 537 4240 ln
575 4194 688 4260 quarto
720 4181 793 4241 loco
832 4179 928 4240 habet
960 4199 1054 4239 unam
1092 4178 1208 4240 dietam
1243 4192 1324 4240 terre
1360 4179 1440 4240 inter
1475 4191 1573 4240 terras
1609 4197 1662 4239 are

398 4286 499 4346 sancti
526 4285 691 4346 Michaelis
716 4285 899 4366 archangeli
923 4305 1024 4367 prope
1049 4284 1157 4345 valvas
1192 4285 1291 4346 sancti
1325 4284 1407 4364 regis
1433 4283 1597 4366 Stephani,
1622 4285 1661 4344 ab

400 4392 592 4453 occidentali
617 4407 647 4452 et
678 4413 694 4453 a
729 4392 983 4474 septemtrionali
1022 4392 1102 4451 inter
1136 4405 1232 4452 terras
1264 4405 1445 4453 sanctorum
1472 4391 1606 4452 Fabiani
1632 4405 1663 4452 et

400 4498 579 4560 Sebastiani
606 4499 782 4562 martirum.

505 4605 537 4667 ln
564 4607 677 4687 quinto
702 4607 774 4667 loco
798 4604 895 4666 habet
919 4619 1069 4685 quattuor
1094 4605 1194 4665 dietas
1222 4620 1303 4666 terre
1328 4605 1379 4666 vel
1405 4605 1492 4683 citra,
1517 4623 1580 4686 que
1606 4624 1660 4666 vo·

398 4727 525 4776 cantur:
559 4714 752 4797 Prasnycze,
785 4713 902 4794 quibus
933 4713 1113 4773 vicinantur
1143 4714 1182 4772 ab
1213 4713 1334 4772 oriente
1368 4711 1458 4790 silva,
1483 4732 1499 4771 a
1525 4711 1661 4772 meridie

398 4834 479 4880 terre
505 4822 604 4880 sancti
630 4821 784 4880 leronimi
811 4835 841 4880 et
866 4820 964 4879 sancti
992 4819 1150 4879 Francisci
1169 4833 1199 4878 et
1213 4833 1293 4880 terre
1311 4818 1473 4899 prebende
1500 4818 1662 4900 Filyarlra,

398 4928 437 4988 ab
465 4926 630 4987 occidente
657 4941 737 4987 terre
764 4926 931 5007 hospitalis
958 4940 1064 4986 sancte
1092 4925 1269 5002 Elizabetb,
1295 4947 1310 4984 a
1337 4925 1594 5006 septemtrionali
1612 4925 1662 4984 via

397 5033 537 5115 publica,
563 5053 625 5112 que
651 5034 753 5093 tendit
778 5053 887 5093 versus
914 5033 1095 5113 patibulum
1122 5033 1160 5091 de
1184 5033 1254 5092 vico
1282 5033 1479 5092 Latinorum.

924 5160 1134 5177 —0—0—0—
