3840 5800
838 521 986 586 Rationes.
1478 527 1541 610 267

380 737 460 801 Item
485 738 517 800 io
543 720 652 800 oetsva
672 736 829 800 Omnium
854 752 1036 800 sanctorum
1056 738 1126 800 misi
1144 739 1377 799 concrematori
1404 739 1541 800 cementi

275 846 465 928 Zagrsbiam
483 894 490 908 .
509 897 515 910 .
534 894 541 908 .
566 845 625 908 sol.
652 843 718 907 111⁶.

381 951 460 1015 Item
486 952 590 1035 papiri
616 951 730 1013 libram
759 951 847 1013 emi.
867 991 901 1016 ..
921 938 984 1014 sol.
1008 949 1075 1016 VII.

384 1059 491 1120 Pisces
515 1058 579 1120 emi
596 1106 603 1122 .
620 1108 652 1122 ..
677 1057 734 1124 sol.
760 1055 827 1120 IIII.

381 1163 459 1229 Item
485 1166 619 1226 sabbato
643 1179 716 1226 ante
742 1163 858 1226 festum
884 1164 1014 1227 Martini
1048 1165 1119 1226 misi
1145 1164 1312 1226 Vrbanum
1336 1165 1377 1227 ad
1402 1167 1541 1250 Welyke

276 1273 358 1334 circa
383 1271 552 1334 dominum
578 1273 709 1348 benum,
734 1285 765 1332 et
789 1271 895 1332 eidem
921 1271 996 1333 dedi
1021 1270 1061 1332 ad
1087 1290 1318 1352 expensas...
1344 1272 1403 1334 sol.
1426 1271 1479 1337 VI.

382 1393 460 1458 Item
486 1395 594 1457 Blasio
626 1395 759 1476 seripari
788 1414 847 1478 pro
881 1395 1046 1456 laboribus
1070 1395 1222 1460 dedi...
1247 1396 1307 1460 sol.
1324 1396 1366 1458 'L.

381 1499 460 1564 Item
486 1485 518 1563 iu
544 1500 625 1562 festo
651 1501 778 1563 Martini
805 1501 947 1584 episcopi
970 1500 1116 1562 distribui
1140 1502 1337 1584 pauperibus
1354 1550 1362 1566 .
1380 1551 1387 1566 .
1403 1554 1409 1567 .
1428 1503 1486 1566 sol.
1503 1503 1541 1567 X.

381 1606 461 1670 Item
485 1606 562 1669 feria
597 1606 737 1668 secunda
770 1607 841 1668 misi
874 1607 995 1669 Lucam
1028 1607 1110 1668 circa
1135 1607 1265 1670 Petrum
1290 1607 1453 1692 Bochkay‚
1478 1629 1536 1691 pro

278 1714 425 1799 expensis
449 1713 525 1776 dedi
548 1713 655 1776 eidem
760 1713 818 1776 sol.
842 1711 882 1776 X.

387 1837 467 1901 Item
493 1838 564 1899 misi
589 1838 755 1900 Vrbanum
781 1857 916 1920 parvum
949 1837 1030 1900 circs
1063 1838 1233 1901 dominum
1258 1853 1289 1900 et
1313 1858 1370 1922 pro
1395 1840 1542 1922 expensis

278 1945 432 2010 dedi...
456 1943 515 2008 sol.
539 1945 641 2007 XXV.
1234 1952 1237 1959 '

385 2050 464 2114 Item
489 2049 566 2113 feria
590 2065 678 2114 sexta
702 2064 775 2113 ente
799 2049 916 2113 festum
940 2052 1032 2114 beate
1057 2051 1225 2114 Elizabeth
1248 2052 1320 2113 misi
1347 2052 1543 2115 Micbaelem

277 2157 411 2242 Zyghen
427 2157 469 2219 ad
486 2141 786 2236 Pechwaradinum‚
811 2172 842 2220 et
858 2177 916 2240 pro
930 2157 1077 2240 expensis
1094 2157 1168 2220 dedi
1194 2158 1298 2220 eidem
1317 2207 1324 2222 .
1341 2208 1348 2221 .
1366 2207 1375 2223 .
1391 2159 1451 2224 soI.
1471 2160 1543 2225 XX.

380 2262 460 2327 'Item
486 2265 538 2326 die
563 2264 728 2326 dominico
752 2277 824 2326 ante
843 2263 929 2326 idem
947 2262 1062 2327 festum
1081 2264 1247 2327 Demetrio
1268 2285 1386 2346 magno
1411 2265 1543 2331 dedi

278 2371 338 2437 sol.
363 2369 398 2435 1⁶.

383 2477 506 2541 Eodem
530 2477 582 2538 die
607 2478 679 2539 misi
704 2477 845 2540 eundem
869 2477 952 2539 circa
970 2477 1139 2539 dominum
1165 2476 1260 2539 etad
1285 2497 1439 2561 expensas
1469 2477 1543 2541 dedi

278 2583 385 2646 eidem
404 2635 411 2648 .
430 2633 437 2648 .
456 2633 463 2648 .
488 2583 546 2646 sol.
569 2583 671 2646 XXV.

272 2723 276 2732 ·
384 2705 465 2771 Item
498 2706 576 2770 feria
607 2709 705 2770 tercia
728 2721 800 2791 post
827 2705 942 2770 festum
976 2708 1068 2769 beate
1100 2707 1268 2770 Elizabetb
1302 2709 1372 2770 misi
1405 2708 1542 2771 domino

274 2814 452 2876 ‘Dominico
477 2817 641 2898 preposito
665 2814 787 2877 albensi
813 2829 843 2876 et
867 2813 1003 2876 Nicolao
1020 2814 1103 2875 Twz
1127 2833 1183 2896 per
1208 2813 1418 2897 Stephanum,
1443 2835 1539 2897 quos·

278 2920 352 2982 dam
377 2940 503 3004 porcos,
527 2936 558 2984 et
582 2921 687 2984 eidem
712 2941 771 3004 pro
807 2920 952 3004 expensis
983 2919 1212 2982 conductionis
1234 2940 1406 3002 porcorum
1440 2923 1540 2984 eciam

279 3028 353 3090 dedi
371 3079 377 3093 .
395 3077 425 3093 ..
449 3029 509 3092 sol.
533 3027 671 3092 II⁰XXV.

385 3135 465 3198 Item
489 3134 521 3196 in
552 3133 632 3197 festo
657 3132 791 3213 Cecilie‚
817 3133 849 3194 in
870 3132 1015 3194 Dombro
1041 3132 1179 3195 Iohanni
1204 3153 1304 3216 parvo
1329 3135 1545 3198 corriductori

274 3241 355 3304 oedi
373 3293 380 3307 .
457 3241 516 3304 sol.
543 3242 577 3305 L.

392 3349 454 3410 Pro
478 3347 685 3431 iellaythar'io
709 3346 929 3414 eiusdem...
954 3347 1013 3410 sol.
1038 3349 1107 3412 XX.

388 3472 466 3534 Item
490 3471 569 3534 feria
593 3485 680 3534 sexta
698 3473 729 3533 in
755 3470 836 3534 festo
862 3471 947 3534 beati
965 3471 1143 3534 Clementis
1168 3474 1240 3536 misi
1265 3474 1347 3535 circa
1373 3472 1543 3535 dominum

281 3579 401 3640 banum
426 3577 466 3640 ad
498 3578 636 3663 Welyke
669 3597 741 3640 cum
774 3577 875 3639 literis
908 3578 1129 3660 Demetrium,
1161 3593 1193 3643 et
1217 3599 1275 3662 pro
1300 3581 1446 3662 expensis
1470 3579 1544 3640 dedi

283 3683 467 3750 eidem...
491 3685 550 3748 sol.
574 3685 615 3747 X.

387 3789 465 3853 Item
490 3783 623 3853 sabbato
649 3791 719 3852 misi
745 3792 865 3853 Lucam
892 3791 973 3854 circs
1011 3790 1159 3875 Gewmg,
1185 3793 1290 3856 eidem
1315 3812 1373 3876 pro
1398 3792 1545 3876 expensis

281 3897 433 3962 dedi...
458 3897 518 3960 sol.
543 3899 612 3961 XX.
679 3939 681 3946 ι
738 3941 739 3946 1

388 4003 466 4068 Item
493 4006 608 4068 eodem
635 4006 686 4068 die
711 4006 783 4068 misi
809 4006 1008 4068 Demetrium
1034 4027 1186 4087 magnum
1213 4008 1294 4070 circa
1318 4008 1487 4070 dominum
1514 4019 1544 4067 et

281 4112 387 4174 eidem
411 4113 450 4174 ad
476 4131 630 4194 expensas
654 4112 807 4176 dedi...
831 4111 888 4176 sol.
904 4114 951 4174 X.

388 4237 464 4301 Item
491 4236 569 4299 feria
593 4237 733 4300 secunde
749 4252 822 4320 post
846 4237 962 4300 festum
981 4237 1155 4300 Katherine
1180 4237 1315 4300 alterum
1343 4237 1544 4300 Demetrium

283 4344 354 4406 misi
379 4345 420 4406 ad
444 4343 689 4406 Christsllowcz
714 4359 744 4408 et
769 4345 875 4407 eidem
901 4345 974 4406 dedi
1007 4365 1065 4427 pro
1091 4345 1314 4424 expensis...
1340 4345 1398 4406 sol.
1425 4342 1476 4407 VI.

386 4447 464 4512 Item
490 4449 641 4512 Michaeli
666 4451 802 4532 aganoni
825 4451 974 4516 dedi...
999 4451 1058 4514 sol.
1083 4451 1182 4514 XXV.

387 4573 465 4637 Item
491 4576 522 4636 io
548 4573 630 4637 festo
660 4575 834 4637 Katherine
865 4576 999 4658 virginis
1023 4575 1098 4639 dedi
1131 4577 1283 4658 magistro
1309 4575 1437 4637 Andree
1462 4576 1545 4658 pixi-

283 4682 448 4746 dario...
481 4681 539 4742 sol.
564 4678 596 4746 L.

386 4787 464 4851 Item
489 4789 600 4872 papira
626 4789 689 4850 emi
708 4839 714 4852 .
736 4835 767 4853 ..
792 4789 851 4852 sol.
877 4789 912 4852 L.

388 4893 466 4958 Item
492 4895 524 4956 irr
549 4893 630 4958 festo
655 4897 783 4958 Andree
815 4897 964 4978 apostoli,
996 4895 1036 4957 ad
1069 4895 1189 4957 curiam
1226 4894 1456 4956 Chasmensem
1482 4895 1545 4956 emi

283 5001 463 5084 pisces...
488 5002 546 5066 sol.
577 5001 703 5067 XXXII.
