3804 5798
433 533 492 597 180
982 532 1169 593 Inventaria.

535 747 612 808 Item
638 765 720 807 unus
743 765 879 825 magnus
911 744 993 806 calix
1025 745 1117 806 datus
1149 765 1206 827 per
1239 743 1402 806 Thomam
1436 745 1589 806 brumeni
1613 745 1692 804 alias

430 853 596 916 custodem
621 852 853 930 chasmensem,
878 870 963 911 nunc
988 869 1065 913 vero
1082 851 1280 933 prepositum
1299 850 1514 929 bachiensem,
1539 870 1610 912 cum
1638 870 1692 932 pa·

428 973 513 1037 tetta,
537 958 658 1020 habens
681 958 788 1019 literas
820 971 850 1018 et
882 976 1003 1018 nomen
1037 957 1137 1040 ipsius
1169 956 1299 1019 Thome
1324 957 1477 1019 Brumeni
1502 957 1634 1039 scriptas
1660 957 1691 1017 in

428 1078 517 1148 parte
541 1062 685 1127 inferiori
723 1064 815 1146 pedis
855 1063 888 1124 iu
920 1063 960 1124 ab
994 1064 1086 1142 intra,
1121 1063 1243 1125 habens
1275 1063 1426 1147 ponderis
1457 1076 1595 1145 quatuor
1622 1082 1693 1124 cum

430 1170 536 1234 media
560 1189 683 1232 marcas
708 1184 739 1231 et
763 1167 914 1230 undecim
939 1168 1095 1252 nehezylt.

536 1276 615 1339 ltem
639 1297 723 1339 unus
747 1277 829 1338 alius
860 1276 943 1338 calix
974 1276 1012 1336 de
1045 1290 1189 1358 argento,
1222 1276 1403 1356 deauratus,
1435 1295 1508 1338 cum
1536 1276 1636 1338 literis
1661 1277 1693 1337 in

431 1397 518 1466 parte
542 1383 700 1466 superiori
724 1383 885 1464 signatus:
910 1382 969 1444 lste
993 1383 1075 1444 calix
1099 1395 1146 1444 est
1169 1382 1269 1444 sancti
1298 1383 1380 1465 regis
1406 1382 1584 1464 Stephani;
1608 1395 1640 1444 et
1663 1382 1694 1442 in

431 1491 510 1572 pede
536 1489 699 1551 florizatus
723 1508 796 1550 cum
821 1501 953 1570 argento
979 1509 1043 1550 non
1069 1489 1235 1550 deaurato.

537 1595 615 1658 ltem
640 1595 722 1656 alius
746 1594 827 1656 calix
851 1595 891 1655 de
916 1609 1060 1676 argento,
1089 1594 1270 1672 deauratus,
1303 1594 1424 1655 habens
1449 1596 1481 1655 in
1506 1595 1615 1655 medio
1639 1613 1693 1654 sex

431 1701 535 1764 nodos
560 1720 633 1763 cum
657 1701 784 1762 smaldo
817 1713 847 1762 et
879 1698 990 1782 figuris
1022 1719 1179 1778 rosarum,
1210 1699 1353 1782 signatus
1385 1701 1416 1761 in
1441 1700 1522 1782 pede
1547 1701 1587 1761 ab
1613 1700 1693 1760 intra

431 1827 504 1869 cum
529 1807 639 1870 litera:
665 1807 704 1869 L.

538 1913 614 1976 ltem
640 1913 722 1975 calix
747 1931 831 1973 unus
855 1911 1003 1973 similiter
1027 1912 1067 1972 de
1092 1925 1237 1993 argento,
1265 1911 1447 1991 deauratus,
1471 1931 1544 1973 cum
1569 1926 1695 1994 patena,

432 2019 575 2100 signatus
598 2021 657 2080 sub
682 2018 764 2101 pede
789 2037 862 2080 cum
889 2018 1002 2080 litera:
1030 2017 1062 2079 S.

538 2125 615 2187 ltem
640 2144 724 2187 unus
742 2125 823 2187 calix
841 2143 977 2206 magnus
1001 2124 1041 2186 de
1058 2139 1203 2206 argento,
1221 2123 1403 2204 deauratus,
1420 2124 1541 2186 habens
1558 2125 1589 2185 in
1608 2125 1696 2185 nodo

431 2232 492 2292 tria
516 2231 664 2293 clenodia
682 2230 820 2293 condam
838 2231 1006 2293 reverendi
1023 2231 1148 2292 domini
1166 2231 1322 2293 lobannis
1340 2230 1435 2292 huius
1458 2232 1542 2293 alme
1564 2231 1698 2292 ecclesie

432 2337 575 2419 episcopi
599 2352 630 2400 et
653 2351 716 2399 tres
740 2338 848 2398 literas
871 2337 1045 2420 alphabeti,
1077 2337 1246 2401 videlicet:
1279 2338 1317 2400 N.
1350 2338 1388 2401 R.
1414 2337 1448 2416 1.,
1472 2351 1503 2400 et
1526 2339 1586 2400 sub
1611 2337 1694 2420 pede

434 2443 576 2504 eiusdem
603 2462 704 2504 unum
729 2442 865 2525 capitale
889 2443 927 2522 J.‚
952 2443 1077 2525 legatus
1100 2463 1157 2526 per
1181 2443 1333 2505 eundem.
1588 2451 1593 2460 '

539 2549 617 2612 ltem
642 2569 725 2612 unus
749 2549 829 2612 alter
853 2550 934 2611 calix
959 2569 1032 2612 cum
1065 2569 1180 2631 magna
1209 2563 1326 2633 patena
1357 2550 1397 2611 de
1428 2565 1572 2631 argento,
1596 2549 1694 2612 deau-

434 2668 530 2733 ratus,
555 2655 676 2717 habens
700 2656 731 2717 in
757 2655 845 2717 nodo
869 2675 923 2717 sex
946 2655 1089 2717 amaldos
1117 2671 1147 2717 et
1163 2674 1258 2738 supra
1276 2656 1398 2717 nodum
1424 2656 1454 2717 in
1480 2656 1698 2718 thewtonico:

435 2757 558 2824 (30llllt
578 2758 742 2840 tauhun,
755 2775 785 2824 et
798 2759 879 2822 infra
893 2762 1034 2826 nodum:
1053 2762 1210 2839 MARlA3
1228 2761 1320 2823 datus
1337 2783 1392 2845 per
1409 2763 1577 2824 dominum
1592 2763 1696 2824 Math-

434 2866 552 2927 konem
570 2868 689 2928 banum
708 2881 778 2942 etc„
795 2869 854 2928 sub
868 2867 949 2949 pede
966 2868 1108 2948 signatus
1121 2887 1195 2929 cum
1209 2867 1298 2930 litera
1313 2869 1444 2950 antiqua
1459 2869 1638 2951 alphabeti:
1651 2869 1696 2931 M.

541 2972 618 3035 Item
643 2973 724 3034 ultra
750 2974 911 3055 predictos
934 2973 1050 3038 calices
1066 2974 1171 3036 adhuc
1196 2974 1355 3036 habentur
1378 2975 1444 3037 duo
1468 2975 1521 3037 alii
1547 2975 1623 3036 novi
1648 2995 1699 3036 ca·

436 3080 524 3158 lices,
549 3079 595 3140 uti
620 3079 737 3141 dicitur
761 3079 800 3140 de
823 3080 964 3160 antiquis
995 3080 1143 3160 laborati,
1177 3099 1316 3162 quorum
1349 3101 1431 3142 unus
1463 3101 1576 3143 eorum
1602 3080 1700 3141 habet

434 3185 558 3247 literam
584 3185 764 3268 alphabeti:
791 3185 836 3263 P.‚
861 3201 892 3247 et
915 3185 1014 3250 alius:
1040 3187 1080 3260 Q.
1105 3206 1179 3248 cum
1203 3205 1296 3248 cruce
1320 3187 1469 3268 simplici.

543 3291 619 3353 Item
652 3292 707 3352 alii
740 3291 805 3353 duo
838 3291 954 3353 calices
989 3311 1061 3353 curn
1095 3292 1247 3375 predictis
1278 3293 1417 3372 duobus,
1442 3312 1478 3354 ex
1503 3291 1700 3374 quibusdam

436 3419 490 3461 sex
514 3399 654 3480 antiquis
678 3399 710 3459 in
735 3399 871 3480 antiquo
889 3412 1029 3480 regestro
1047 3399 1206 3462 contentis
1222 3399 1359 3460 laborati
1378 3411 1408 3460 et
1432 3401 1514 3460 bene
1539 3399 1697 3478 deaurati,

437 3519 533 3587 prout
556 3504 588 3564 in
613 3503 729 3566 eodem
753 3519 897 3584 regestro
930 3505 1124 3584 continetur,
1158 3524 1298 3586 quorum
1334 3523 1434 3566 unum
1467 3505 1563 3567 habet
1594 3505 1697 3565 Reve-

436 3610 645 3672 rendissimus
669 3609 820 3671 dominus
844 3610 1017 3672 Oswaldus
1040 3612 1210 3694 episcopus
1238 3610 1333 3673 huius
1356 3610 1441 3673 alme
1466 3612 1610 3674 ecclesie.

540 3715 618 3778 ltem
644 3736 727 3778 unus
751 3717 833 3778 alius
857 3716 949 3796 calix,
974 3736 1071 3799 quem
1104 3737 1189 3780 nunc
1222 3717 1342 3780 habent
1366 3718 1569 3800 prebendarii
1605 3718 1698 3779 inva-

436 3823 558 3884 diatum
575 3842 633 3905 pro
651 3823 824 3884 duodecim
848 3823 917 3887 flor.
943 3843 1001 3906 pro
1025 3838 1109 3886 certa
1138 3824 1348 3886 absolutione
1373 3824 1406 3885 in
1431 3824 1530 3886 Batha
1556 3826 1702 3888 obtenta.

542 3928 621 3990 Item
648 3929 730 3990 ultra
747 3929 864 3992 calices
881 3930 1042 4012 predictos
1058 3943 1105 3992 est
1128 3950 1211 3992 unus
1227 3930 1310 3991 calix
1333 3930 1425 3991 datus
1449 3950 1505 4012 per
1529 3930 1703 3992 dominum

436 4035 592 4096 iacobum
617 4034 880 4097 archidiaconum
908 4037 1122 4117 goricensem,
1151 4050 1239 4098 totus
1271 4056 1344 4097 cum
1377 4036 1502 4098 amaldo
1527 4037 1706 4120 dispositus

437 4154 469 4202 et
492 4141 593 4202 eciam
618 4142 658 4202 ab
683 4141 764 4202 intra
788 4162 806 4203 a
830 4155 918 4224 parte
944 4140 1088 4204 inferiori
1113 4155 1144 4204 et
1169 4143 1201 4203 in
1234 4141 1307 4204 loco
1332 4141 1409 4204 nodi
1434 4157 1518 4204 certe
1544 4142 1705 4224 imagines

439 4259 623 4308 sanctorum
649 4246 688 4307 de
713 4261 844 4329 argento
863 4246 942 4326 fuse,
957 4249 1038 4309 inter
1062 4268 1142 4330 quas
1158 4249 1315 4328 imagines
1338 4262 1401 4310 est:
1427 4248 1535 4330 imago
1552 4249 1706 4331 pietatis;

437 4371 511 4414 cum
536 4367 662 4434 patena,
687 4353 840 4435 ponderis
857 4353 1002 4436 quinque
1020 4373 1199 4415 marcarum
1217 4354 1323 4415 minus
1348 4373 1413 4415 uno
1438 4352 1596 4432 sermone,
1614 4368 1703 4416 certa

438 4459 600 4540 quantitas
624 4459 723 4540 ipsius
750 4459 865 4522 amaldi
890 4475 936 4522 est
960 4460 1131 4542 deplanata
1156 4473 1187 4521 et
1207 4460 1359 4522 dilaniata
1384 4462 1423 4522 ab
1448 4460 1563 4522 eodem
1589 4459 1705 4522 calice.

543 4563 620 4626 ltem
645 4565 749 4628 adhuc
772 4567 826 4628 alii
851 4568 916 4630 duo
935 4569 1070 4650 calices3
1087 4587 1143 4649 per
1164 4567 1302 4629 condam
1326 4567 1495 4628 dominum
1520 4565 1706 4628 lohannem

437 4670 700 4735 archidiaconum
725 4673 765 4734 de
790 4675 889 4736 Bexin
913 4675 1005 4737 datus
1029 4676 1068 4736 ad
1094 4693 1182 4736 aram
1217 4676 1308 4736 beate
1334 4675 1433 4736 Maria
1458 4674 1602 4754 virginis,
1627 4693 1706 4735 curn

439 4778 504 4838 suia
528 4777 685 4840 clenodiis
709 4779 741 4840 in
766 4780 846 4862 pede
871 4780 910 4842 de
935 4781 1060 4842 amaldo
1078 4780 1185 4856 lactis3
1210 4781 1289 4841 alter
1306 4799 1382 4840 vero
1406 4799 1462 4862 per
1487 4779 1624 4841 condam
1643 4799 1705 4840 no·

439 4885 536 4946 bilem
563 4886 708 4947 Marcum
741 4885 780 4947 de
813 4887 933 4950 Chawa
965 4889 1185 4970 prebendariis
1216 4887 1327 4967 datus,
1359 4905 1432 4948 cum
1470 4885 1569 4948 literis
1601 4886 1704 4947 Marci

439 4990 479 5052 de
504 4990 624 5052 Chawa
650 4992 681 5052 in
706 4992 788 5074 pede
812 4993 965 5075 signatus.
