3810 5806
341 547 399 591 rra
865 531 952 590 Anao
978 543 1069 607 1520.

336 742 615 822 commendamus,
640 744 728 824 quod
754 763 812 804 nos
843 743 1007 825 quandam
1040 743 1173 804 domum
1199 743 1288 826 prius
1319 745 1359 805 sd
1390 746 1598 828 plebanatum

336 849 468 911 ecclesie
493 863 599 910 nostre
632 850 717 912 beati
743 850 842 911 Marci
875 850 1082 930 ewangeliste
1115 850 1340 932 pertinentem,
1370 851 1452 914 inter
1476 853 1598 916 curiam

336 956 495 1018 metaliter
519 957 701 1018 distinctam
727 955 853 1037 providi
879 955 938 1016 viri
964 955 1093 1016 Thome
1120 957 1315 1040 Mosnarkyn
1341 957 1428 1036 dicti,
1452 961 1492 1019 ab
1517 959 1599 1019 occi·

336 1065 442 1144 dente,
466 1079 497 1125 et
522 1065 603 1125 inter
627 1064 762 1125 domum
787 1062 942 1125 heredum
968 1063 1105 1124 condam
1127 1064 1217 1125 Pauli
1243 1063 1361 1147 Valyas
1384 1067 1424 1125 ab
1449 1065 1599 1126 orientali

336 1185 435 1252 parte,
459 1190 477 1231 a
501 1169 704 1231 meridionali
728 1170 832 1251 platea
858 1169 1051 1248 communis,
1084 1189 1101 1230 a
1133 1170 1388 1251 septemtrionali
1414 1171 1496 1232 inter
1529 1169 1599 1232 lun·

336 1278 413 1339 dum
438 1291 545 1339 nostre
571 1278 812 1340 communitatis
843 1278 985 1339 habitam
1019 1291 1050 1340 et
1082 1278 1283 1353 existentem,
1314 1276 1410 1338 simul
1434 1296 1506 1338 cum
1530 1296 1599 1338 orn·

336 1385 430 1445 nibus
454 1383 599 1446 eiusdem
624 1383 741 1444 domus
765 1383 969 1462 utilitatibus,
993 1383 1127 1464 juribus,
1162 1383 1283 1460 usibus,
1308 1382 1546 1462 integritatibus
1570 1396 1600 1446 et

336 1490 542 1572 pertinenciis
567 1491 724 1552 universis
753 1490 891 1572 provido
922 1491 992 1552 viro
1015 1489 1153 1552 lohanni
1187 1487 1350 1570 freniparo
1375 1489 1598 1573 Tropsethych

336 1598 432 1676 dicto,
457 1611 492 1659 ut
516 1598 578 1658 iam
604 1617 689 1658 novo
715 1598 839 1659 concivi
865 1611 985 1676 nostro,
1010 1617 1046 1658 ac
1069 1616 1126 1679 per
1150 1615 1224 1657 eum
1250 1597 1315 1656 suis
1339 1596 1512 1657 heredibus
1536 1615 1596 1678 pro

336 1703 406 1766 llor.
432 1717 518 1782 octo,
543 1717 574 1765 et
597 1723 654 1786 per
678 1702 817 1766 eundem
840 1699 1024 1766 Johannem
1043 1704 1136 1765 nobis
1160 1723 1216 1764 seu
1242 1703 1466 1764 communitati
1491 1717 1599 1764 nostre

335 1809 431 1892 plene
456 1810 538 1872 datis
561 1823 592 1871 et
615 1811 788 1892 persolutis
819 1811 1026 1872 vendidimus
1057 1825 1089 1871 et
1120 1808 1317 1871 conferimus
1349 1808 1417 1888 jure
1441 1823 1599 1891 perpetuo

336 1931 368 1979 et
392 1916 643 1978 irrevocabiliter
674 1916 859 1994 tenendam,
891 1916 1119 1998 possidendam
1151 1916 1268 1996 pariter
1300 1927 1331 1976 et
1356 1914 1536 1976 hahendam
1564 1935 1600 1978 ac

337 2024 422 2084 iuxta
457 2021 684 2084 condicionem
721 2023 858 2084 civitatis
894 2036 1060 2104 prenotate
1104 2023 1143 2082 ab
1179 2023 1314 2102 antiquo
1355 2021 1599 2102 privilegialiter

337 2130 547 2211 approbatam
580 2128 889 2210 quomodocumque
922 2129 1061 2190 voluerit
1093 2128 1340 2209 disponendam.
1380 2127 1495 2188 Datum
1522 2125 1600 2189 seria

336 2250 423 2298 sexta
448 2239 478 2297 in
505 2234 646 2316 profesto
672 2235 909 2317 Concepcionis
934 2237 1024 2296 beate
1052 2236 1150 2295 Marie
1176 2235 1320 2314 virginis.
1346 2240 1441 2296 Anno
1468 2234 1598 2295 Domini

337 2343 512 2404 millesimo
536 2341 797 2424 quingentesimo
822 2341 990 2422 vigesimo.
