3840 5800
953 571 1103 636 Rationes.

985 793 1076 868 1506.

506 912 657 974 Secundo
689 913 742 974 die
774 911 844 974 festi
881 912 964 973 beati
998 911 1119 974 Vrbani
1148 932 1230 992 pape
1263 911 1416 974 dominus
1440 911 1665 974 Kamarcensis

399 1019 487 1080 dedit
513 1019 675 1082 racionem
700 1020 739 1080 de
764 1019 937 1100 premissis,
963 1033 994 1080 et
1017 1019 1192 1080 concordat
1209 1019 1378 1100 registrum
1403 1037 1497 1078 suum
1523 1018 1554 1078 in
1579 1018 1664 1078 exitu

398 1141 430 1188 et
456 1126 580 1204 intrata,
605 1146 700 1208 super
728 1146 793 1206 quo
823 1125 965 1186 redditus
981 1140 1028 1187 est
1051 1126 1172 1207 quittus
1189 1141 1220 1186 et
1237 1125 1404 1207 expeditus
1420 1125 1460 1186 de
1485 1124 1665 1207 premissis;

398 1233 537 1314 exceptis
562 1231 632 1296 flor.
656 1233 912 1314 quatuordecim,
937 1233 993 1314 qui
1011 1247 1233 1294 remanserunt
1250 1233 1335 1314 apud
1352 1251 1428 1294 eum
1453 1246 1484 1292 et
1509 1229 1587 1293 Xllll
1606 1230 1664 1292 sol.

503 1339 626 1401 Eodem
651 1339 702 1400 die
727 1309 792 1401 dail
817 1353 891 1399 sunt
912 1339 972 1399 sibi
997 1339 1065 1402 flor.
1089 1339 1219 1400 ducenti
1240 1339 1279 1399 de
1303 1351 1496 1400 testamento
1521 1337 1660 1398 condam

397 1444 521 1505 domini
546 1443 685 1506 lohanni
712 1444 908 1508 Goricensis.
1153 1445 1335 1527 Stephanus
1358 1446 1460 1507 lector
1483 1459 1543 1508 etc.
1566 1465 1609 1506 m.
1634 1465 1664 1527 p.

504 1551 542 1612 Et
567 1552 682 1613 iterum
708 1551 777 1615 flor.
808 1552 954 1634 quinque
987 1552 1025 1612 de
1057 1551 1172 1612 eodem
1206 1566 1398 1613 testamento
1431 1552 1471 1612 ad
1506 1551 1662 1633 capellam

399 1657 482 1716 beati
509 1657 661 1739 Stephani
688 1658 922 1740 protomartiris
946 1657 1079 1738 legatos,
1104 1658 1209 1721 habet.

1397 1762 1483 1826 Idem
1509 1765 1619 1827 lector.

509 1871 600 1950 1508.
626 1869 718 1930 Feria
742 1883 828 1930 sexta
853 1885 925 1950 post
950 1870 1150 1951 Margarethe
1167 1870 1302 1951 virginis
1326 1885 1356 1932 et
1375 1871 1524 1949 martiris,
1549 1891 1662 1931 execu-

398 1987 483 2040 tores
507 1976 631 2036 domini
657 1976 786 2036 Andree
811 1976 850 2036 de
876 1977 1039 2060 Ywanych
1077 1977 1281 2058 prebendarii
1314 1978 1541 2059 zagrabiensis,
1565 1977 1661 2037 dede-

396 2095 468 2141 runt
494 2081 562 2144 flor.
587 2079 609 2160 l,
634 2083 778 2162 legatum
804 2082 937 2143 ecclesie
963 2083 1151 2146 kathedrali.

1026 2296 1116 2358 ¹5⁰9·

498 2399 530 2462 ln
556 2399 634 2460 feria
659 2400 770 2479 quinta
809 2401 953 2480 proxima
986 2415 1059 2461 ante
1092 2399 1206 2461 festum
1231 2400 1483 2478 Purificacionis,
1509 2401 1661 2462 dominus

396 2506 540 2566 Andreas
560 2507 673 2566 Decret
710 2505 773 2582 Dr,
797 2505 1040 2566 archidiaconus
1067 2507 1213 2584 Kemlelr,
1238 2507 1310 2568 loco
1335 2507 1502 2588 quondam
1529 2507 1657 2568 domini

396 2613 622 2673 Kamarcensis
646 2613 686 2673 de
722 2613 895 2694 prescripta
927 2633 1052 2673 summa
1085 2614 1220 2692 pecunie
1255 2613 1286 2674 in
1319 2613 1473 2694 Capitulo
1497 2614 1586 2675 dedit
1610 2634 1658 2674 ra-

397 2719 536 2796 cionem,
562 2731 782 2779 remanserunt
798 2718 883 2799 apud
909 2719 1047 2780 eundem
1067 2719 1135 2781 flor.
1158 2717 1273 2798 llexlll,
1290 2719 1349 2782 sol.
1372 2717 1468 2795 Xllll;
1495 2739 1576 2800 quos
1594 2720 1659 2801 ple·

394 2825 484 2885 narie
518 2823 661 2884 dominis
698 2823 817 2885 ibidem
856 2825 1009 2902 restituit,
1045 2845 1140 2906 super
1171 2845 1237 2906 quo
1269 2826 1391 2905 quittus
1431 2840 1462 2885 ct
1493 2826 1662 2907 expeditus

393 2930 538 2991 redditus
563 2945 623 2993 est.
939 2931 1083 2992 Andreas
1109 2933 1234 2993 Decret.
1258 2931 1322 3008 Dr.,
1347 2933 1494 3010 vicarius,
1520 2953 1561 2994 m.
1586 2953 1616 3014 p.

498 3036 631 3117 insuper
655 3037 771 3097 eodem
798 3037 850 3096 die
885 3037 969 3096 idern
1003 3039 1155 3098 dominus
1188 3039 1332 3098 Andreas
1365 3039 1512 3118 Kemlek,
1538 3039 1658 3101 ibidem

392 3142 542 3224 deposuit
560 3143 626 3204 flor.
643 3143 711 3220 Xll,
735 3162 816 3224 quos
840 3143 1003 3224 quondam
1027 3144 1178 3205 dominus
1197 3145 1419 3205 Kamarcensis
1436 3145 1599 3225 legaverat
1617 3146 1657 3205 ad

392 3263 582 3310 structuram
609 3249 741 3310 ecclesie
767 3249 991 3329 zagrabiensis.

498 3357 619 3418 Ibidem
644 3357 794 3438 deposuit
818 3357 925 3418 literas
948 3358 1157 3440 obligatorias
1188 3378 1284 3440 super
1308 3358 1407 3420 domo
1431 3359 1570 3440 quadam
1597 3360 1657 3420 do-

395 3464 481 3524 mine
507 3462 682 3545 Perowych
709 3464 739 3523 in
765 3463 892 3523 civitate
921 3464 1204 3544 Montisgrecensis
1228 3483 1323 3545 super
1347 3465 1457 3526 debito
1489 3465 1561 3534 flor.
1594 3467 1661 3528 LX.

499 3569 590 3630 Feria
615 3569 755 3630 secunda
773 3583 843 3650 post
872 3570 1068 3630 dominicam
1097 3571 1220 3648 Letare,
1242 3571 1281 3630 de
1299 3571 1481 3652 prescriptis
1507 3572 1654 3652 pecuniis

394 3676 457 3736 dati
484 3675 620 3736 suntad
645 3695 759 3736 manus
784 3675 924 3756 magistri
945 3676 1109 3736 Benedicti
1127 3676 1345 3737 archidiaconi
1371 3677 1578 3738 Chasmeusis
1596 3698 1655 3758 pro

390 3783 576 3842 necessariis
591 3782 622 3842 in
640 3783 780 3842 sacristia
799 3780 1011 3842 reformandis
1025 3781 1094 3845 flor.
1106 3783 1273 3860 tredecim,
1286 3783 1381 3844 solidi
1397 3785 1654 3864 quatuordecim.

497 3887 587 3948 Feria
620 3903 705 3948 sexta
738 3903 810 3969 post
842 3887 956 3949 festum
991 3889 1252 3950 Resurreccionis
1286 3889 1437 3968 Domini,
1470 3905 1656 3952 executores

389 3995 554 4074 quondam
570 3995 711 4075 magistri
726 3994 859 4055 Fabiani
874 3994 1092 4076 deposuerunt
1110 3994 1140 4056 in
1159 3995 1397 4056 wiennensibus
1411 3997 1508 4077 nigris
1521 3996 1588 4060 flor.
1605 3996 1655 4072 X,

389 4118 473 4180 quos
498 4098 581 4160 idem
608 4099 726 4178 legavit
750 4099 894 4162 ecclesie.

496 4207 573 4268 ltem
600 4208 631 4268 in
657 4205 798 4289 profesto
832 4208 915 4268 beati
942 4207 1063 4269 Vrbani
1095 4227 1189 4290 pape,
1223 4223 1409 4270 executores
1433 4209 1569 4270 condam
1595 4210 1653 4270 do-

389 4315 468 4374 mini
494 4313 619 4374 Nicolai
645 4313 684 4374 de
711 4313 839 4390 chha,
863 4313 1082 4375 archidiaconi
1113 4314 1153 4374 de
1185 4314 1317 4393 Waska,
1351 4315 1570 4397 deposuerunt
1594 4337 1654 4398 pro

388 4419 629 4480 necessitatibus
653 4419 786 4480 ecclesie
811 4420 880 4482 flor.
905 4433 1033 4480 centum
1060 4420 1092 4480 in
1118 4439 1206 4482 auro.

492 4525 569 4586 ltem
596 4527 626 4586 in
653 4525 795 4607 profesto
827 4541 1011 4587 sanctorum
1037 4525 1171 4588 Fabiani
1205 4541 1235 4587 et
1268 4526 1448 4590 Sebastiani
1473 4529 1654 4606 martirum,

387 4647 573 4693 executores
599 4632 723 4693 domini
742 4631 869 4692 Andree
888 4631 1013 4696 Decret.
1040 4631 1104 4710 Dr,
1123 4631 1329 4711 kathedralis,
1346 4633 1566 4716 deposuerunt
1583 4634 1655 4698 flor.

386 4738 486 4816 XXV,
511 4737 551 4798 ad
576 4738 702 4798 labores
727 4737 859 4798 ecclesie
884 4757 940 4818 per
964 4738 1104 4800 eundem
1131 4739 1264 4819 legatos.

493 4844 569 4904 Item
596 4859 781 4904 executores
806 4843 947 4923 magistri
973 4844 1107 4904 Fabiani
1141 4845 1180 4904 de
1212 4847 1320 4925 precio
1346 4847 1424 4924 vini,
1449 4847 1539 4928 quod
1566 4847 1651 4928 lega·

387 4965 473 5010 verat
508 4951 659 5027 ecclesie,
692 4948 769 5012 feria
801 4963 912 5031 quarta
956 4965 1028 5032 post
1060 4951 1255 5012 dominicam
1291 4951 1386 5014 Oculi
1428 4953 1651 5036 deposuerunt

387 5057 454 5119 llor.
479 5056 527 5118 lll.
