3842 5802
797 570 883 624 Anno
907 577 996 643 1473.
1493 589 1529 651 ¹7

267 774 397 834 alterius
421 774 538 836 domus
561 795 618 838 sue
644 789 778 854 mutate,
802 796 838 836 ac
863 775 953 836 lundi
980 790 1009 838 et
1027 777 1250 840 hedificiorum
1276 780 1335 840 sub
1361 791 1392 840 et
1419 799 1528 861 super-

267 881 444 942 jacentibus
476 901 571 963 supra
604 881 693 942 aliud
727 881 879 942 celarium
912 902 1006 943 suum
1041 897 1203 944 muratum
1233 899 1263 946 et
1287 885 1529 946 subterraneum

265 1001 350 1048 retro
375 985 530 1068 prefatam
556 987 690 1049 domum
709 987 901 1049 anteriorem
920 1001 1090 1068 muratam,
1109 1011 1127 1050 a
1144 989 1285 1071 predicta
1309 990 1360 1051 via
1385 1010 1441 1052 seu
1458 993 1524 1073 pla·

265 1107 315 1156 tea
339 1096 504 1157 communi
530 1116 547 1156 a
571 1096 812 1178 septemtrione,
837 1115 872 1157 ac
898 1097 979 1158 inter
1004 1111 1034 1157 et
1050 1117 1149 1178 penes
1174 1116 1301 1158 murum
1328 1097 1426 1178 ipsius
1451 1099 1525 1158 civi-

266 1202 339 1261 tatis
363 1221 380 1262 a
406 1214 495 1282 parte
527 1201 659 1263 orientis
684 1201 825 1264 habitam
858 1216 888 1264 et
920 1203 1140 1280 adiacentem,
1173 1204 1203 1264 in
1237 1203 1441 1283 longitudine
1473 1203 1526 1266 de·

264 1327 428 1368 cenicum
463 1308 571 1369 medio
600 1307 728 1370 brachia
754 1306 853 1370 lerrea
880 1309 911 1370 in
940 1329 974 1370 se
998 1310 1227 1387 continentem,
1265 1309 1369 1390 ipsum
1396 1309 1527 1371 Gallum

264 1413 443 1493 emptionis
467 1415 562 1476 titulo
587 1414 760 1476 literatorie
784 1429 1043 1476 concernentem.
1068 1450 1110 1460 -
1136 1415 1213 1476 ltem
1245 1415 1378 1476 totalem
1404 1417 1528 1496 porcio·

264 1539 336 1579 nem
361 1539 451 1580 suam
476 1520 620 1582 eiusdem
646 1521 777 1582 alterius
801 1521 917 1582 domus
941 1541 996 1582 sue
1015 1535 1138 1582 murate
1163 1534 1247 1581 retro
1273 1521 1368 1582 aliam
1395 1521 1528 1582 domurn

263 1645 354 1687 suana
379 1625 526 1686 similiter
551 1641 720 1704 muratam,
745 1647 760 1686 a
787 1640 874 1708 parte
900 1627 1115 1704 meridionali,
1140 1626 1288 1687 similiter
1314 1645 1407 1687 muro
1432 1627 1532 1708 ipsius

263 1731 400 1792 civitatis
424 1731 632 1794 adherentem
652 1733 683 1792 in
707 1731 911 1813 longitudine
929 1731 1039 1794 decem
1058 1753 1129 1793 curn
1149 1732 1257 1793 medio
1283 1733 1410 1793 brachia
1428 1731 1529 1794 lerrea

263 1838 295 1897 in
318 1857 351 1897 se
376 1838 606 1912 continentem,
633 1858 771 1900 unacum
796 1839 857 1900 alia
889 1839 1061 1900 medietate
1094 1839 1226 1900 alterius
1252 1839 1359 1900 celarii
1387 1839 1435 1899 sui
1461 1859 1530 1900 mu·

263 1944 321 2005 rati
346 1963 403 2006 nec
429 1963 493 2005 non
517 1964 638 2026 penore
663 1944 771 2006 cloace
803 1964 858 2005 sue
893 1943 1052 2005 inferioris
1084 1945 1116 2006 in
1142 1960 1229 2026 parte
1263 1945 1431 2026 posteriori
1460 1965 1529 2027 pre·

263 2048 327 2111 fate
351 2049 454 2111 tocius
479 2050 594 2111 domus
619 2064 649 2112 et
674 2049 764 2111 lundi
797 2069 894 2132 penes
919 2069 1046 2110 murum
1072 2049 1155 2110 dicte
1173 2049 1309 2111 civitatis
1335 2049 1453 2126 habita,
1472 2071 1531 2112 nec

263 2175 328 2216 non
353 2176 426 2217 cum
461 2155 599 2237 quadarn
634 2176 759 2218 camera
792 2177 848 2216 sua
883 2175 978 2237 supra
1011 2155 1129 2216 dictam
1163 2155 1259 2216 aliam
1284 2155 1417 2216 domum
1441 2177 1529 2217 suam

265 2275 423 2323 muratam
449 2262 567 2341 habita,
593 2263 733 2323 mediam
758 2277 903 2323 octavam
930 2263 1016 2324 curie
1042 2262 1081 2322 ad
1111 2280 1202 2322 usum
1229 2261 1312 2322 dicte
1338 2262 1474 2322 civitatis
1500 2263 1530 2322 in

264 2389 297 2429 se
322 2369 559 2447 continentem,
594 2388 733 2431 unacum
771 2369 912 2450 predicta
945 2369 1006 2430 alia
1039 2368 1192 2449 porcione
1225 2368 1324 2449 ipsius
1349 2368 1457 2430 cloace
1481 2368 1527 2429 in-

264 2475 389 2536 ferioris
412 2475 516 2536 tocius
540 2475 656 2536 domus
680 2476 833 2537 existente
867 2489 897 2537 et
928 2475 1046 2552 habita,
1079 2477 1138 2535 sub
1175 2475 1421 2537 condicionibus
1447 2475 1529 2537 infra

267 2581 479 2659 declarandis,
502 2581 598 2642 simul
623 2601 695 2643 curn
721 2582 873 2643 omnibus
897 2581 1112 2664 predictarum
1143 2581 1334 2662 porcionum
1360 2581 1529 2642 domorum

264 2707 394 2749 suarum
421 2703 484 2748 tarn
512 2701 709 2749 muratarum
736 2707 833 2770 quant
858 2702 888 2750 et
916 2687 1015 2769 lignei
1049 2688 1165 2768 operis,
1191 2685 1363 2767 fundisque
1387 2701 1419 2748 et
1443 2687 1531 2748 hedi-

265 2793 356 2872 ficiis,
380 2813 506 2855 necnon
532 2794 682 2876 predictis
706 2794 834 2855 duobus
865 2793 989 2855 celariis
1018 2793 1150 2854 muratis
1174 2790 1304 2874 prelatis
1328 2793 1464 2873 provido
1497 2807 1527 2854 et

264 2901 399 2962 honesto
424 2901 493 2962 viro
520 2901 641 2962 lacobo
665 2921 776 2984 sporar
801 2901 889 2982 prius
912 2913 943 2962 et
968 2901 1029 2962 iam
1060 2899 1185 2960 concivi
1211 2913 1320 2960 nostro
1345 2897 1412 2961 filio
1439 2899 1528 2960 Hans

264 3007 303 3067 de
328 3007 401 3068 loco
428 3006 535 3088 Pyzal,
559 3026 595 3068 ac
621 3027 676 3088 per
701 3026 774 3068 eum
792 3007 857 3068 suis
882 3006 1055 3068 heredibus
1073 3025 1130 3087 pro
1148 3005 1360 3087 quadraginta
1386 3007 1530 3087 quinque

264 3113 331 3175 flor.
355 3113 422 3174 auri
448 3133 505 3194 per
528 3113 668 3174 eundem
694 3115 849 3175 iacobum
870 3113 975 3174 eidem
996 3112 1093 3174 Gallo
1110 3112 1210 3173 sutori
1229 3113 1401 3193 persolutis
1418 3113 1529 3173 vendi-

264 3219 360 3280 disset
383 3218 451 3298 jure
476 3233 633 3301 perpetuo
658 3233 689 3279 et
714 3219 967 3281 irrevocabiliter
1001 3217 1230 3300 possidendam
1256 3217 1342 3298 juxta
1368 3219 1530 3279 condicio·

265 3344 338 3386 nem
364 3325 501 3386 civitatis
524 3339 702 3406 prenotate,
727 3325 850 3406 juribus
877 3327 1018 3407 ipsarum
1043 3324 1249 3386 dominarum
1276 3325 1477 3406 Margarethe
1502 3339 1531 3386 et

266 3431 399 3512 Agnetis
423 3450 518 3513 super
542 3433 752 3513 porcionibus
785 3433 957 3493 domorum
988 3432 1128 3514 ipsarum
1162 3451 1288 3513 semper
1311 3431 1406 3492 salvis
1430 3451 1531 3492 rema-

266 3538 425 3615 nentibus,
452 3538 493 3598 ita
518 3551 636 3616 tamen,
661 3538 750 3619 quod
773 3538 881 3600 totalis
906 3538 1014 3600 cloaca
1039 3537 1184 3620 superior
1209 3557 1304 3619 super
1331 3557 1459 3598 murum
1486 3538 1530 3619 ip-

264 3643 330 3704 sius
354 3643 492 3704 civitatis
516 3643 547 3704 in
573 3645 727 3726 porcione
745 3643 861 3706 domus
885 3645 985 3727 ipsius
1002 3644 1112 3706 Jacobi
1139 3643 1257 3726 Sporar
1281 3643 1431 3721 existens,
1457 3643 1531 3704 loco

265 3749 364 3830 ipsius
387 3748 496 3810 cloace
521 3747 681 3811 inferioris
705 3770 778 3812 curn
802 3769 913 3812 securo
940 3764 971 3812 et
987 3765 1056 3812 tuto
1083 3769 1210 3812 accessu
1236 3763 1266 3810 et
1290 3750 1423 3810 introitu
1447 3750 1529 3810 circa

265 3855 399 3916 eandem
426 3855 568 3917 cloacam
599 3856 720 3918 eisdem
747 3857 862 3938 Agneti
881 3872 910 3918 et
929 3855 1129 3938 Margarethe
1147 3870 1177 3917 et
1202 3856 1341 3937 ipsarum
1359 3857 1532 3916 heredibus

265 3981 321 4042 per
344 3961 478 4023 modurn
504 3963 733 4024 concambialis
757 3964 1008 4046 permutacionis
1040 3963 1199 4024 deservire
1233 3961 1347 4022 debeat
1372 3977 1402 4024 et
1426 3963 1530 4023 valeat

265 4067 333 4147 jure
358 4082 512 4149 perpetuo
538 4069 749 4150 possidenda;
774 4083 805 4131 et
829 4070 916 4152 quod
942 4071 1008 4152 ipse
1034 4070 1172 4130 Jacobus
1189 4087 1299 4150 sporar
1323 4081 1353 4128 et
1378 4069 1445 4150 ipse
1470 4070 1527 4129 do·

267 4173 351 4234 mine
376 4173 527 4236 mulieres
551 4187 582 4235 et
607 4174 749 4256 ipsorum
779 4175 912 4237 heredes
936 4175 1109 4236 heredibus
1142 4175 1241 4256 ipsius
1273 4174 1411 4235 condam
1438 4175 1528 4236 Pauli

266 4279 424 4340 sellatoris
448 4299 465 4340 a
489 4279 588 4342 domo
614 4281 752 4362 ipsarum
780 4301 879 4362 usque
910 4301 1036 4342 murum
1069 4280 1205 4340 civitatis
1236 4280 1454 4361 supradictum
1481 4282 1526 4341 vi·

265 4385 346 4464 ginti
372 4385 467 4446 trium
494 4385 698 4448 brachiorum
724 4386 900 4450 ferreorum
934 4388 964 4447 in
999 4386 1213 4466 longitudine,
1238 4406 1274 4446 ac
1299 4387 1330 4446 in
1357 4387 1530 4448 latitudine

265 4513 281 4552 a
308 4511 401 4552 muro
425 4492 602 4554 liberorum
627 4513 683 4554 seu
716 4513 936 4555 successorum
970 4493 1108 4554 condam
1143 4491 1310 4554 Michaelis
1334 4492 1449 4574 judicis
1475 4491 1529 4553 lilii

266 4597 445 4658 Sebastiani
470 4598 610 4660 duorum
636 4597 840 4661 brachiorum
860 4598 1036 4660 ferreorum
1055 4599 1140 4659 viam
1165 4598 1204 4659 ad
1230 4599 1335 4659 locum
1362 4599 1529 4660 necessarii

264 4703 341 4764 dare
364 4705 577 4781 tenebuntur3
602 4704 663 4766 hoc
687 4703 869 4787 specificato
895 4720 926 4767 et
950 4725 1014 4766 non
1049 4705 1254 4786 pretermisso
1279 4706 1367 4786 quod
1393 4705 1529 4767 cisterna

265 4809 296 4870 in
322 4809 464 4890 predicto
491 4807 592 4871 fundo
617 4831 672 4872 seu
697 4812 783 4872 curia
817 4811 929 4892 prelati
958 4812 1067 4872 lacobi
1102 4831 1212 4892 sporar
1242 4811 1360 4889 habita,
1386 4831 1529 4872 commu-

265 4915 346 4975 niter
370 4917 522 4977 omnibus
545 4918 689 4998 partibus
713 4917 863 4979 videlicet
895 4915 1025 5000 prelatis
1057 4917 1293 4979 successorihus
1327 4919 1426 4998 ipsius
1451 4937 1526 4978 eon-

265 5019 338 5081 dam
365 5021 454 5082 Pauli
487 5021 645 5084 sellatoris
677 5043 802 5084 necnon
835 5023 965 5105 prelatis
997 5025 1117 5085 Jacobo
1149 5044 1259 5106 sporar
1291 5044 1325 5084 ac
1350 5025 1467 5102 Agneti
1500 5039 1530 5084 et

1424 5132 1440 5172 2
