3804 5798
786 505 967 568 Invenlaria.
1447 529 1510 592 217

346 717 426 780 ltem
452 739 553 781 unum
578 718 707 780 Missale
731 737 885 798 magnum
918 719 957 779 de
982 719 1195 800 impressione
1227 734 1321 801 prout
1346 721 1408 782 alia
1432 721 1505 782 mis·

237 826 314 888 salia
337 826 470 888 ecclesie
495 825 726 907 zagrabiensis,
752 826 834 887 bene
859 825 994 906 ligatum
1019 845 1091 887 curn
1125 825 1198 888 alba
1222 843 1294 888 cute
1319 845 1377 910 pro
1403 841 1507 890 custo-

239 932 291 994 dia
317 933 564 995 circumdatum.

346 1037 424 1098 ltem
448 1038 514 1099 duo
539 1036 731 1099 candelabra
755 1055 871 1118 magna
899 1033 1013 1116 ferrea,
1045 1057 1108 1118 que
1138 1051 1202 1099 tarn
1227 1039 1379 1100 adaram
1405 1059 1502 1121 quam

240 1142 280 1204 ad
304 1142 510 1226 sepulchrum
536 1143 656 1204 servire
684 1156 830 1224 possunt.

351 1249 429 1311 ltem
454 1268 552 1312 unam
577 1249 719 1312 tabulam
744 1269 780 1310 ac
805 1263 940 1332 utraque
968 1264 1057 1332 parte
1080 1250 1241 1332 scriptam,
1266 1251 1299 1312 in
1323 1251 1413 1313 cuius
1438 1271 1501 1314 una

239 1370 328 1439 parte
353 1355 512 1438 descripte
544 1369 618 1418 sunt
649 1355 807 1416 staciones
842 1355 939 1419 Urbis
974 1375 1046 1418 cum
1083 1355 1300 1436 indulgenciis
1335 1356 1504 1419 declaratis

241 1462 381 1544 ipsarum
406 1461 596 1524 stacionum.

351 1567 429 1630 ltem
454 1587 491 1628 ex
515 1567 614 1630 altera
639 1579 729 1649 parte
753 1565 838 1629 dicta
870 1567 979 1628 tabula
1012 1565 1155 1629 continet
1186 1567 1308 1629 bullam
1341 1586 1404 1649 que
1428 1568 1510 1630 solet

240 1673 305 1755 legi
331 1673 363 1734 in
389 1674 477 1737 Urbe
502 1672 554 1735 die
579 1672 669 1736 Cene
695 1672 838 1737 Domini.

349 1779 427 1841 ltem
452 1797 514 1840 una
538 1778 647 1840 tabula
672 1798 769 1861 parva
794 1779 834 1840 ad
858 1778 941 1840 latus
965 1778 1096 1840 maioris
1119 1777 1228 1840 tabule
1253 1778 1360 1840 altaris
1384 1779 1416 1840 in
1444 1798 1508 1861 qua

243 1897 290 1946 est
313 1904 431 1968 ymago
457 1885 548 1947 beate
572 1884 706 1965 virginis
734 1882 871 1965 depicta.

348 1991 425 2054 ltem
451 1991 582 2054 rectoris
606 2009 658 2052 are
682 2005 790 2052 sancte
815 1990 984 2052 Trinitatis
1001 1990 1146 2052 custodie
1163 1990 1408 2053 commendatur
1433 2011 1505 2054 can·

244 2099 413 2160 delabrum
438 2117 591 2179 magnum
617 2116 783 2180 cupreum,
817 2096 905 2180 quod
930 2098 1049 2180 pendet
1080 2112 1152 2158 ante
1184 2099 1369 2180 ymaginem
1393 2097 1506 2160 Cruci·

242 2203 306 2283 fixi,
331 2203 420 2286 quod
445 2204 558 2286 viginti
583 2202 653 2266 flor.
678 2217 823 2285 emptum
848 2217 905 2284 est,
938 2223 978 2265 ne
1002 2223 1058 2286 per
1089 2223 1207 2286 pueros
1238 2217 1269 2266 et
1292 2203 1373 2266 alios
1398 2202 1503 2266 fatuos

242 2309 393 2372 homines
416 2309 574 2372 trahendo
598 2323 629 2371 et
652 2309 804 2371 hincinde
828 2309 980 2391 agitando
1005 2311 1185 2372 destruatur
1213 2325 1267 2371 aut
1290 2309 1435 2372 vicietur.

243 2488 455 2551 Secuntur
478 2489 606 2550 litere
639 2503 677 2550 et
702 2489 792 2550 iura
817 2509 889 2550 seu
913 2489 1112 2550 literaria
1137 2489 1423 2551 instrumenta
1447 2490 1501 2572 ip-

242 2595 333 2656 sius
357 2615 425 2657 are
449 2607 592 2656 sancte
610 2595 848 2657 Trinitatis
871 2613 995 2676 super
1018 2593 1283 2656 fundacione
1302 2595 1503 2664 eiusdem.

348 2737 424 2799 ltem
457 2737 559 2819 prime
591 2737 680 2798 litere
706 2735 849 2819 Capituli
874 2737 1008 2799 ecclesie
1041 2737 1257 2819 zagrabiensis
1288 2739 1327 2800 de
1352 2753 1382 2801 et
1405 2759 1501 2824 super

241 2863 399 2906 consensu
424 2843 600 2906 ereccionis
624 2843 724 2927 ipsius
748 2863 801 2905 are
826 2843 858 2904 in
884 2846 951 2926 ipsa
976 2843 1110 2906 ecclesia
1136 2844 1323 2924 kathedrali,
1348 2845 1423 2906 sede
1448 2867 1502 2908 va·

242 2965 345 3030 cante,
368 2969 425 3033 per
449 2949 638 3031 Capitulum
669 2947 761 3012 factis
794 2963 825 3011 et
857 2949 1123 3011 ordinacionibus
1154 2950 1290 3012 duarum
1316 2952 1503 3016 missarum:

242 3057 293 3117 die
329 3057 517 3119 dominico:
550 3055 590 3118 de
619 3071 726 3118 sancta
752 3055 922 3134 Trinitate,
957 3072 988 3116 ct
1023 3054 1100 3117 feria
1132 3056 1262 3138 quinta:
1288 3056 1327 3118 de
1353 3057 1501 3141 Corpore

242 3161 372 3242 Christi,
389 3162 524 3244 singulis
541 3161 730 3224 ebdomadis
747 3163 779 3223 in
798 3174 988 3244 perpetuum
1006 3162 1225 3226 dicendarum.
1245 3163 1277 3224 ln
1295 3183 1503 3246 pargamen0.

349 3268 427 3331 ltem
451 3268 540 3330 litere
566 3269 710 3330 eiusdem
729 3268 871 3351 Capituli
889 3287 984 3350 super
1001 3269 1181 3330 donacione
1199 3270 1414 3351 quarumdam
1431 3291 1504 3354 por·

242 3377 373 3436 cionum
397 3375 717 3457 possessionariarum
737 3375 768 3436 in
794 3375 909 3436 maiori
928 3373 1030 3436 Mlaca
1048 3389 1079 3436 et
1102 3375 1191 3454 alias,
1216 3373 1297 3436 lacta
1322 3395 1379 3458 per
1403 3377 1505 3438 hono·

243 3481 379 3543 rabilem
404 3481 574 3543 dominum
599 3480 792 3543 Micbaelem
821 3481 860 3542 de
886 3480 999 3542 eadem
1032 3481 1146 3560 Mlaca,
1171 3481 1420 3564 prebendarium
1445 3502 1505 3565 pro

241 3603 319 3650 tunc
349 3587 438 3649 chori
471 3587 604 3650 ecclesie
636 3587 862 3669 zagrabiensis,
896 3600 993 3669 prout
1023 3587 1057 3648 in
1088 3587 1165 3670 ipsis
1189 3587 1290 3650 literis
1314 3588 1505 3654 continetur.

243 3693 277 3755 ln
301 3713 508 3776 pargameno.

348 3799 426 3862 ltem
450 3801 542 3862 litere
567 3819 742 3862 consensus
774 3799 854 3880 regii
886 3818 983 3882 super
1015 3798 1201 3862 huiusmodi
1234 3800 1413 3863 donacione
1438 3799 1504 3862 dic-

241 3921 344 3968 tarum
370 3907 560 3989 porcionum
586 3905 920 3987 possessionariarum,
943 3907 976 3967 in
1001 3926 1208 3988 pargameno

349 4013 413 4075 lem
437 4013 528 4074 litere
553 4031 729 4074 consensus
761 4011 970 4073 illustrissimi
1003 4012 1128 4074 domini
1153 4011 1285 4096 Georgii
1311 4013 1506 4076 marchionis

242 4118 562 4199 Brandenbutgensis
587 4133 644 4183 etc.
675 4131 751 4180 tunc
782 4118 939 4180 terrestris
970 4119 1095 4180 domini
1127 4121 1219 4181 castri
1244 4121 1448 4199 Medwewar,
1473 4121 1504 4182 in

241 4223 355 4305 papiro
379 4223 534 4287 conlecta.

347 4331 425 4392 ltem
443 4331 534 4393 litere
551 4328 810 4392 confirmacionis
827 4332 1057 4412 premissorum
1076 4331 1346 4394 Reverendissimi
1365 4331 1502 4411 domini,

240 4436 453 4498 miseracione
476 4437 585 4498 divina
607 4436 733 4498 domini
750 4437 879 4500 Thome
898 4439 1129 4521 archiepiscopi
1148 4439 1386 4520 strigoniensis,
1403 4440 1503 4501 cardi·

241 4545 323 4605 nalis
347 4545 447 4606 sancti
473 4545 603 4606 Martini
628 4545 660 4606 in
686 4545 861 4624 montibus,
886 4547 1063 4628 patriarche
1093 4546 1446 4629 Constantinopolitani
1474 4561 1505 4612 et

241 4650 325 4712 sedis
348 4651 525 4734 apostolice
550 4650 645 4731 legati
670 4650 709 4712 de
734 4651 844 4732 latere,
865 4653 1013 4715 similiter
1037 4653 1069 4714 in
1093 4671 1299 4734 pergameno.

347 4757 427 4820 ltem
453 4757 544 4820 litere
562 4771 684 4818 veteres
708 4771 739 4818 et
756 4777 839 4820 nove
857 4757 1001 4842 Capituli
1019 4758 1152 4821 ecclesie
1176 4760 1393 4840 zagrabiensis
1409 4781 1504 4843 super

242 4863 435 4945 quibusdam
460 4865 550 4926 terris
575 4863 768 4926 arabilibus:
792 4865 883 4946 Doge
908 4866 1004 4948 nyive
1029 4866 1161 4944 vocatis,
1185 4866 1216 4926 in
1242 4867 1403 4928 territorio
1428 4868 1503 4928 ville

242 4971 457 5053 Opporowcz,
481 4973 631 5034 similiter
655 4972 686 5032 in
711 4990 921 5054 pergameno.

770 5098 968 5123 ——⁴0-——
