3810 5806
779 595 866 652 Anno
888 606 977 670 1521.
1170 594 1173 602 '
1452 617 1461 657 r
1474 615 1508 676 15

352 807 450 883 Quod
475 827 548 869 curn
573 826 633 868 nos
656 827 716 890 pro
733 806 942 889 expediendis
966 807 1058 868 certis
1075 808 1218 888 negociis
1242 809 1359 870 nostris
1383 810 1415 870 in
1434 829 1510 870 con·

243 915 372 978 sistorio
396 914 665 992 considessemus,
689 927 765 975 tunc
793 914 948 996 providus
972 914 1020 973 vir
1045 912 1207 974 lohannes
1231 914 1323 976 aliter
1348 915 1511 997 Drayzlxar

243 1021 347 1083 dictus
369 1035 400 1083 et
424 1020 556 1083 domina
581 1019 696 1081 Vrsula
714 1039 846 1082 consors
870 1039 927 1081 sua
943 1019 1112 1100 legittima,
1137 1033 1279 1081 nostram
1299 1021 1510 1102 personaliter

242 1128 408 1189 venientes
432 1128 464 1188 in
488 1127 687 1208 presenciam
713 1139 941 1208 petentesnos
966 1125 1074 1187 debita
1099 1145 1171 1188 cum
1197 1127 1362 1206 instancia,
1388 1142 1422 1189 ut
1447 1148 1506 1190 nos

242 1235 383 1316 quedam
408 1235 493 1295 bona
525 1233 668 1316 ipsorum
701 1233 853 1294 videlicet
883 1232 1039 1316 (h)0rtum
1073 1247 1103 1295 et
1137 1234 1249 1294 silvam
1284 1235 1316 1295 in
1349 1235 1509 1296 territorio

241 1339 364 1422 prefate
388 1339 525 1402 civitatis
549 1339 732 1418 existentia,
756 1340 850 1401 novis
873 1339 975 1401 literis
991 1339 1107 1400 nostris
1130 1339 1387 1422 privilegialibus
1410 1340 1506 1403 ratifi-

241 1467 313 1510 care
338 1461 369 1508 ot
392 1445 582 1510 confirmare
607 1445 826 1528 dignaremur,
850 1447 942 1508 cuius
974 1446 1106 1528 quidem
1138 1446 1247 1526 (h)0rti
1273 1461 1303 1509 et
1326 1447 1406 1510 silve
1431 1467 1504 1530 pro-

242 1553 336 1614 vidus
361 1552 498 1616 condam
526 1551 664 1615 Michael
698 1551 849 1630 carnifex,
882 1551 961 1614 olim
994 1552 1137 1614 concivis
1168 1566 1286 1632 noster,
1319 1567 1408 1636 pater
1432 1573 1509 1616 vero

240 1659 380 1722 carnalis
404 1657 525 1741 prefate
551 1659 666 1721 Vrsule
693 1660 725 1721 in
751 1659 863 1721 mortis
894 1659 1029 1720 articulo
1061 1659 1192 1721 terciam
1218 1673 1340 1741 partem
1365 1679 1439 1721 cum
1463 1661 1508 1721 vi-

239 1767 321 1846 ginti
348 1765 419 1829 flor.
445 1767 477 1827 in
502 1778 614 1848 parato
641 1765 907 1828 testamentaliter
939 1765 1075 1846 legasset
1099 1778 1130 1826 et
1161 1764 1343 1844 dimisisset,
1368 1767 1509 1848 reliquas

244 1891 321 1934 vero
346 1872 427 1933 duas
450 1871 620 1953 porciones
645 1871 789 1933 eiusdem
807 1868 919 1954 (h)0rti
939 1885 969 1932 et
992 1871 1072 1932 silve
1089 1870 1223 1952 provide
1242 1871 1341 1934 Elene
1367 1873 1507 1935 consorti

244 1997 301 2040 sue
324 1978 482 2060 legittime
506 1996 579 2040 cum
604 1978 666 2040 alia
690 1976 756 2040 filia
780 1997 837 2039 sua
861 1977 1037 2040 Katherina
1062 1991 1185 2056 vocata,
1211 1991 1311 2040 matre
1336 1997 1412 2040 vero
1436 1998 1508 2061 pre-

245 2083 308 2148 fate
332 2085 464 2148 domine
489 2085 603 2147 Vrsule
628 2085 775 2146 similiter
798 2085 1063 2148 testamentaliter
1089 2085 1237 2166 legasset.
1264 2085 1413 2146 Tandem
1438 2099 1510 2167 post

244 2207 381 2254 mortem
405 2189 527 2274 prefate
545 2191 720 2253 Katherine
736 2193 856 2253 sororis
879 2189 1000 2274 prefate
1022 2191 1136 2253 Vrsule
1154 2191 1273 2254 exstitit
1297 2193 1328 2252 in
1353 2189 1507 2274 prefatam

247 2298 382 2360 Elenam
407 2311 541 2360 matrem
567 2317 659 2359 suam
682 2297 841 2359 carnalem
868 2297 952 2358 dicta
977 2297 1072 2359 tercia
1090 2298 1201 2379 porcio
1226 2297 1371 2358 eiusdem
1398 2296 1507 2379 (h)0rti

243 2419 273 2466 et
297 2404 377 2466 silve
401 2405 554 2466 devoluta
578 2424 616 2465 ex
639 2417 832 2466 testamento
857 2402 924 2464 fore
942 2403 1192 2478 dinoscebatur;
1215 2403 1271 2465 sed
1294 2417 1403 2466 tamen
1428 2418 1507 2466 tem-

245 2531 321 2593 pore
346 2530 412 2592 quo
437 2509 593 2593 prefatam
618 2511 766 2572 Vrsulam
795 2510 910 2592 copule
943 2511 1140 2572 matrimonii
1166 2510 1272 2572 eidem
1296 2511 1434 2573 Johanni
1460 2513 1506 2573 in-

244 2619 409 2698 iunxisset,
435 2619 602 2700 dictosque
634 2613 751 2699 viginti
780 2617 861 2696 flor,
892 2636 974 2698 quos
1005 2615 1147 2701 prefatus
1178 2618 1343 2698 quondam
1368 2617 1507 2680 Michael

244 2723 385 2786 carnifex
409 2739 498 2808 pater
522 2725 604 2786 dicte
630 2723 763 2786 domine
787 2723 902 2786 Vrsule
927 2724 1046 2785 exstitit
1073 2723 1335 2785 testamentaliter
1360 2725 1506 2805 legasset,

243 2829 365 2914 prefata
390 2831 492 2892 Elena
525 2843 627 2893 mater
658 2830 779 2892 scilicet
811 2850 867 2891 sua
899 2829 984 2911 apud
1017 2849 1050 2891 se
1082 2843 1272 2890 reservasset
1296 2829 1389 2892 etad
1414 2850 1506 2892 usum

242 2957 334 2999 suum
361 2937 560 3020 exposuisset
584 2951 616 2998 et
638 2956 697 2998 nec
722 2938 762 2999 ab
786 2936 902 2998 eadem
934 2936 1096 2998 ullatenus
1119 2936 1331 2998 amicabiliter
1354 2937 1506 3000 rehabere

242 3044 409 3126 potuisset,
434 3044 489 3106 sed
514 3042 657 3127 prefatus
693 3043 856 3105 lohannes
887 3061 986 3124 gener
1016 3043 1100 3104 dicte
1134 3042 1235 3104 Elene
1260 3057 1289 3104 et
1314 3043 1345 3104 in
1370 3044 1506 3106 seculari

242 3150 317 3213 sede
342 3164 375 3213 et
397 3151 430 3212 in
454 3150 613 3233 spirituali
639 3149 710 3212 foro
734 3150 773 3211 ad
798 3149 1002 3212 solucionem
1019 3149 1177 3211 dictorum
1203 3150 1316 3232 viginti
1341 3150 1411 3214 flor.
1436 3171 1506 3233 pre-

243 3256 341 3318 fatam
367 3257 501 3318 Elenam
534 3277 662 3320 socrum
693 3277 784 3318 suam
816 3276 873 3340 per
904 3275 1053 3318 censuras
1085 3257 1315 3319 ecclesiasticas
1337 3259 1506 3338 coegisset,

152 3373 158 3386 '
242 3362 375 3444 etquis
399 3361 521 3444 prefata
545 3363 647 3424 Elena
678 3383 733 3445 pre
767 3363 876 3444 inopia
909 3377 939 3424 et
962 3375 1150 3446 paupertate
1183 3383 1239 3425 sua
1264 3364 1367 3426 dictos
1390 3364 1504 3446 viginti

241 3469 312 3533 flor.
337 3469 462 3530 solvere
487 3482 519 3532 et
541 3469 706 3531 restituere
732 3468 817 3530 unde
838 3489 904 3531 non
937 3469 1079 3548 haberet,
1112 3469 1212 3530 dictas
1235 3470 1406 3552 porciones
1430 3491 1504 3533 suas

241 3575 320 3638 silve
346 3589 376 3638 et
400 3573 509 3656 (h)⁰rti
534 3573 664 3657 prefatis
688 3573 827 3637 iohanni
853 3589 884 3638 et
901 3575 1016 3638 Vrsule
1037 3595 1095 3658 pto
1120 3576 1271 3658 predictis
1295 3577 1409 3658 viginti
1434 3577 1505 3641 flor.

241 3702 340 3764 penes
365 3682 605 3744 estimationem
630 3696 662 3744 et
684 3682 917 3744 limitacionem
949 3685 1126 3764 proborum
1154 3685 1296 3745 virorum
1321 3685 1503 3746 concivium

241 3803 425 3854 nostrorum
451 3803 607 3870 perpetuo
632 3788 721 3851 dedit
744 3802 775 3851 et
804 3789 941 3850 contulit
971 3789 1190 3871 possidendas.
1217 3790 1503 3873 Quocumquidem

241 3895 352 3978 (h)0rti
378 3908 408 3956 et
431 3895 510 3956 silve
535 3909 620 3961 mete
638 3908 778 3958 exstant:
803 3897 907 3977 primo
933 3909 1016 3958 mete
1033 3896 1141 3975 (h)0rti
1160 3897 1242 3957 inter
1265 3895 1400 3978 (h)0rtos
1425 3918 1504 3960 non·

240 4001 407 4071 nullorum
439 4001 621 4064 concivium
656 4016 840 4064 nostrorum
873 4003 958 4064 Luce
990 4003 1165 4084 selliparis,
1198 4003 1307 4064 relicte
1339 4005 1503 4085 quondam

241 4109 377 4172 Fabiani
411 4107 552 4187 Kozech,
584 4109 710 4170 Nicolai
742 4109 868 4172 Thotar
899 4123 930 4172 et
962 4110 1060 4171 Marci
1092 4110 1209 4172 sutoris
1240 4110 1422 4172 concivium
1448 4130 1503 4172 no·

239 4229 380 4278 atrorum
404 4214 444 4277 de
469 4216 624 4278 suburbio
649 4216 785 4278 civitatis
802 4230 920 4296 nostre,
945 4218 984 4278 ab
1001 4217 1150 4278 orientali
1167 4230 1267 4300 parte,
1292 4218 1330 4277 ab
1355 4217 1502 4279 occiden-

239 4323 294 4384 tali
320 4322 403 4384 inter
427 4321 582 4404 (h)0rtum
607 4323 734 4404 providi
762 4324 822 4385 viri
849 4324 981 4405 Georgii
1015 4323 1182 4403 carnificis,
1207 4344 1223 4385 a
1248 4325 1503 4406 septemtrionali

240 4444 328 4511 parte
353 4429 500 4490 similiter
524 4430 660 4509 (h)0rtus
691 4430 811 4512 egregii
845 4430 1010 4492 Balthasar
1043 4431 1081 4491 de
1115 4431 1231 4513 Alaph,
1256 4452 1271 4491 a
1298 4431 1503 4492 meridionali

240 4535 290 4596 via
315 4536 497 4597 communis
520 4535 647 4613 habita;
671 4537 750 4598 silve
775 4556 851 4598 vero
877 4551 978 4598 mete:
1009 4538 1091 4599 inter
1115 4537 1227 4598 silvam
1254 4537 1419 4618 prudentis
1443 4537 1502 4598 viri

241 4641 407 4703 Michaelis
432 4641 623 4725 Oprasnych
649 4663 666 4704 a
690 4645 945 4726 septemtrionali
978 4659 1077 4725 parte,
1111 4645 1165 4705 ubi
1192 4644 1312 4704 mediat
1336 4644 1502 4725 quoddam
1580 4671 1583 4676 ·

241 4745 406 4826 fossatum,
431 4761 461 4809 et
484 4749 567 4810 inter
590 4749 704 4810 silvam
730 4748 855 4812 honesti
880 4750 939 4810 viri
958 4751 1056 4812 Marci
1083 4751 1229 4834 Posegay
1253 4771 1270 4811 a
1296 4750 1501 4811 meridionali

241 4868 339 4936 parte,
363 4875 381 4915 a
406 4866 494 4936 parte
519 4855 668 4916 orientali
694 4856 829 4938 desuper
853 4877 870 4917 a
895 4857 946 4917 via
971 4857 1184 4918 communiet
1210 4855 1291 4917 infra
1316 4875 1417 4937 usque
1443 4856 1498 4916 de-

241 4979 366 5022 cursum
392 4981 475 5042 aque
503 4961 642 5023 fluvialis
665 4983 697 5023 se
730 4963 939 5041 extendentis,
964 4963 1108 5025 habitam
1134 4977 1165 5024 et
1190 4964 1391 5042 existentem,
1416 4963 1501 5044 ipsos

241 5065 359 5129 scilicet
383 5066 563 5129 lohannem
589 5083 619 5129 et
643 5069 802 5147 Vrsulam,
828 5083 861 5130 ut
885 5070 1090 5151 premittitur,
1117 5090 1181 5150 quo
1207 5089 1264 5152 pro
1288 5070 1385 5131 tercia
1410 5085 1499 5151 parte

1394 5186 1413 5226 a
