<?xml version="1.0" encoding="UTF-8"?>
<!DOCTYPE html PUBLIC "-//W3C//DTD XHTML 1.0 Transitional//EN"
    "http://www.w3.org/TR/xhtml1/DTD/xhtml1-transitional.dtd">
<html xmlns="http://www.w3.org/1999/xhtml" xml:lang="en" lang="en">
 <head>
  <title>
</title>
<meta http-equiv="Content-Type" content="text/html;charset=utf-8" />
  <meta name='ocr-system' content='tesseract 3.04.00' />
  <meta name='ocr-capabilities' content='ocr_page ocr_carea ocr_par ocr_line ocrx_word'/>
</head>
<body>
  <div class='ocr_page' id='page_1' title='image "./monumentahistor19laszgoog_0331.png"; bbox 0 0 3840 5800; ppageno 0'>
   <div class='ocr_carea' id='block_1_1' title="bbox 840 528 1535 614">
    <p class='ocr_par' dir='ltr' id='par_1_1' title="bbox 840 528 1535 614">
     <span class='ocr_line' id='line_1_1' title="bbox 840 528 1535 614; baseline 0.007 -26"><span class='ocrx_word' id='word_1_1' title='bbox 840 528 990 592; x_wconf 69' lang='lat' dir='ltr'>Rationes.</span> <span class='ocrx_word' id='word_1_2' title='bbox 1241 559 1246 566; x_wconf 87' lang='lat'><em>·</em></span> <span class='ocrx_word' id='word_1_3' title='bbox 1473 550 1535 614; x_wconf 83' lang='lat'>279</span> 
     </span>
    </p>
   </div>
   <div class='ocr_carea' id='block_1_2' title="bbox 272 740 1537 1146">
    <p class='ocr_par' dir='ltr' id='par_1_2' title="bbox 272 740 1537 936">
     <span class='ocr_line' id='line_1_2' title="bbox 379 740 1537 809; baseline -0.004 0"><span class='ocrx_word' id='word_1_4' title='bbox 379 745 456 809; x_wconf 88' lang='lat' dir='ltr'>Item</span> <span class='ocrx_word' id='word_1_5' title='bbox 482 744 564 806; x_wconf 90' lang='lat' dir='ltr'>circa</span> <span class='ocrx_word' id='word_1_6' title='bbox 589 743 761 805; x_wconf 88' lang='lat' dir='ltr'>adveutum</span> <span class='ocrx_word' id='word_1_7' title='bbox 780 742 905 805; x_wconf 91' lang='lat' dir='ltr'>domini</span> <span class='ocrx_word' id='word_1_8' title='bbox 930 741 1138 804; x_wconf 76' lang='lat' dir='ltr'>waradiensis</span> <span class='ocrx_word' id='word_1_9' title='bbox 1155 742 1187 804; x_wconf 89' lang='lat' dir='ltr'>iu</span> <span class='ocrx_word' id='word_1_10' title='bbox 1212 740 1294 803; x_wconf 88' lang='lat' dir='ltr'>festo</span> <span class='ocrx_word' id='word_1_11' title='bbox 1311 743 1537 806; x_wconf 74' lang='lat' dir='ltr'>penthecostes</span> 
     </span>
     <span class='ocr_line' id='line_1_3' title="bbox 272 847 669 936; baseline -0.008 -21"><span class='ocrx_word' id='word_1_12' title='bbox 272 855 335 915; x_wconf 90' lang='lat' dir='ltr'>emi</span> <span class='ocrx_word' id='word_1_13' title='bbox 360 854 528 936; x_wconf 89' lang='lat' dir='ltr'>piper...</span> <span class='ocrx_word' id='word_1_14' title='bbox 553 849 610 915; x_wconf 91' lang='lat' dir='ltr'>sol.</span> <span class='ocrx_word' id='word_1_15' title='bbox 633 847 669 912; x_wconf 71' lang='lat'>1⁶.</span> 
     </span>
    </p>

    <p class='ocr_par' dir='ltr' id='par_1_3' title="bbox 273 954 1535 1146">
     <span class='ocr_line' id='line_1_4' title="bbox 379 954 1535 1038; baseline -0.004 -17"><span class='ocrx_word' id='word_1_16' title='bbox 379 959 520 1022; x_wconf 84' lang='lat' dir='ltr'>Crocum</span> <span class='ocrx_word' id='word_1_17' title='bbox 544 955 715 1035; x_wconf 79' lang='lat' dir='ltr'>habebam,</span> <span class='ocrx_word' id='word_1_18' title='bbox 740 954 829 1037; x_wconf 93' lang='lat' dir='ltr'>quod</span> <span class='ocrx_word' id='word_1_19' title='bbox 853 955 941 1038; x_wconf 88' lang='lat' dir='ltr'>prius</span> <span class='ocrx_word' id='word_1_20' title='bbox 963 973 1116 1033; x_wconf 85' lang='lat' dir='ltr'>emeram,</span> <span class='ocrx_word' id='word_1_21' title='bbox 1144 955 1200 1016; x_wconf 90' lang='lat' dir='ltr'>sed</span> <span class='ocrx_word' id='word_1_22' title='bbox 1223 969 1299 1017; x_wconf 92' lang='lat' dir='ltr'>tunc</span> <span class='ocrx_word' id='word_1_23' title='bbox 1323 975 1395 1018; x_wconf 92' lang='lat' dir='ltr'>cum</span> <span class='ocrx_word' id='word_1_24' title='bbox 1421 955 1535 1017; x_wconf 88' lang='lat' dir='ltr'>eodem</span> 
     </span>
     <span class='ocr_line' id='line_1_5' title="bbox 273 1060 1158 1146; baseline -0.003 -19"><span class='ocrx_word' id='word_1_25' title='bbox 273 1065 441 1146; x_wconf 85' lang='lat' dir='ltr'>pervenire</span> <span class='ocrx_word' id='word_1_26' title='bbox 465 1081 531 1125; x_wconf 93' lang='lat' dir='ltr'>non</span> <span class='ocrx_word' id='word_1_27' title='bbox 555 1061 653 1141; x_wconf 83' lang='lat' dir='ltr'>valui,</span> <span class='ocrx_word' id='word_1_28' title='bbox 677 1061 811 1144; x_wconf 82' lang='lat' dir='ltr'>exposui</span> <span class='ocrx_word' id='word_1_29' title='bbox 836 1061 876 1122; x_wconf 90' lang='lat' dir='ltr'>de</span> <span class='ocrx_word' id='word_1_30' title='bbox 900 1080 995 1124; x_wconf 91' lang='lat' dir='ltr'>croco</span> <span class='ocrx_word' id='word_1_31' title='bbox 1021 1060 1158 1126; x_wconf 91' lang='lat' dir='ltr'>domini.</span> 
     </span>
    </p>
   </div>
   <div class='ocr_carea' id='block_1_3' title="bbox 274 1185 1538 1585">
    <p class='ocr_par' dir='ltr' id='par_1_4' title="bbox 274 1185 1538 1357">
     <span class='ocr_line' id='line_1_6' title="bbox 379 1185 1538 1268; baseline -0.001 -18"><span class='ocrx_word' id='word_1_32' title='bbox 379 1186 455 1250; x_wconf 90' lang='lat' dir='ltr'>Item</span> <span class='ocrx_word' id='word_1_33' title='bbox 481 1185 521 1248; x_wconf 90' lang='lat' dir='ltr'>ad</span> <span class='ocrx_word' id='word_1_34' title='bbox 547 1185 683 1249; x_wconf 88' lang='lat' dir='ltr'>eandem</span> <span class='ocrx_word' id='word_1_35' title='bbox 707 1186 959 1268; x_wconf 77' lang='lat' dir='ltr'>hospitalitatem</span> <span class='ocrx_word' id='word_1_36' title='bbox 979 1187 1041 1247; x_wconf 91' lang='lat' dir='ltr'>erni</span> <span class='ocrx_word' id='word_1_37' title='bbox 1066 1186 1278 1266; x_wconf 86' lang='lat' dir='ltr'>zinziberum,</span> <span class='ocrx_word' id='word_1_38' title='bbox 1302 1185 1483 1249; x_wconf 89' lang='lat' dir='ltr'>carnofalos</span> <span class='ocrx_word' id='word_1_39' title='bbox 1507 1200 1538 1249; x_wconf 90' lang='lat' dir='ltr'>et</span> 
     </span>
     <span class='ocr_line' id='line_1_7' title="bbox 274 1289 742 1357; baseline 0.002 -3"><span class='ocrx_word' id='word_1_40' title='bbox 274 1293 565 1356; x_wconf 87' lang='lat' dir='ltr'>cinamomum</span> <span class='ocrx_word' id='word_1_41' title='bbox 596 1293 656 1357; x_wconf 88' lang='lat' dir='ltr'>sol.</span> <span class='ocrx_word' id='word_1_42' title='bbox 680 1289 742 1356; x_wconf 73' lang='lat'>1⁰1..</span> 
     </span>
    </p>

    <p class='ocr_par' dir='ltr' id='par_1_5' title="bbox 277 1396 1536 1585">
     <span class='ocr_line' id='line_1_8' title="bbox 382 1396 1536 1480; baseline 0.001 -21"><span class='ocrx_word' id='word_1_43' title='bbox 382 1399 460 1461; x_wconf 90' lang='lat' dir='ltr'>Item</span> <span class='ocrx_word' id='word_1_44' title='bbox 485 1397 545 1460; x_wconf 89' lang='lat' dir='ltr'>feci</span> <span class='ocrx_word' id='word_1_45' title='bbox 571 1418 677 1461; x_wconf 87' lang='lat' dir='ltr'>emere</span> <span class='ocrx_word' id='word_1_46' title='bbox 702 1399 733 1460; x_wconf 91' lang='lat' dir='ltr'>in</span> <span class='ocrx_word' id='word_1_47' title='bbox 758 1396 906 1480; x_wconf 87' lang='lat' dir='ltr'>lwanych</span> <span class='ocrx_word' id='word_1_48' title='bbox 924 1417 1022 1460; x_wconf 91' lang='lat' dir='ltr'>unum</span> <span class='ocrx_word' id='word_1_49' title='bbox 1042 1418 1138 1480; x_wconf 90' lang='lat' dir='ltr'>pecus</span> <span class='ocrx_word' id='word_1_50' title='bbox 1163 1398 1344 1477; x_wconf 87' lang='lat' dir='ltr'>mactabile,</span> <span class='ocrx_word' id='word_1_51' title='bbox 1369 1399 1457 1480; x_wconf 93' lang='lat' dir='ltr'>quod</span> <span class='ocrx_word' id='word_1_52' title='bbox 1476 1398 1536 1460; x_wconf 91' lang='lat' dir='ltr'>luit</span> 
     </span>
     <span class='ocr_line' id='line_1_9' title="bbox 277 1501 929 1585; baseline 0 -17"><span class='ocrx_word' id='word_1_53' title='bbox 277 1507 411 1568; x_wconf 91' lang='lat' dir='ltr'>missum</span> <span class='ocrx_word' id='word_1_54' title='bbox 436 1505 650 1585; x_wconf 82' lang='lat' dir='ltr'>Zagrabiarn.</span> <span class='ocrx_word' id='word_1_55' title='bbox 693 1554 699 1567; x_wconf 94' lang='lat'>.</span> <span class='ocrx_word' id='word_1_56' title='bbox 723 1505 781 1568; x_wconf 89' lang='lat' dir='ltr'>sol.</span> <span class='ocrx_word' id='word_1_57' title='bbox 804 1501 929 1568; x_wconf 82' lang='lat' dir='ltr'>I⁰XXX.</span> 
     </span>
    </p>
   </div>
   <div class='ocr_carea' id='block_1_4' title="bbox 273 1627 1537 2779">
    <p class='ocr_par' dir='ltr' id='par_1_6' title="bbox 381 1627 1537 1712">
     <span class='ocr_line' id='line_1_10' title="bbox 381 1627 1537 1712; baseline -0.001 -21"><span class='ocrx_word' id='word_1_58' title='bbox 381 1627 458 1692; x_wconf 90' lang='lat' dir='ltr'>Item</span> <span class='ocrx_word' id='word_1_59' title='bbox 484 1629 639 1712; x_wconf 87' lang='lat' dir='ltr'>Zagrabie</span> <span class='ocrx_word' id='word_1_60' title='bbox 657 1627 735 1690; x_wconf 91' lang='lat' dir='ltr'>feria</span> <span class='ocrx_word' id='word_1_61' title='bbox 753 1641 865 1710; x_wconf 90' lang='lat' dir='ltr'>quarta</span> <span class='ocrx_word' id='word_1_62' title='bbox 882 1641 914 1690; x_wconf 90' lang='lat' dir='ltr'>et</span> <span class='ocrx_word' id='word_1_63' title='bbox 938 1629 1049 1710; x_wconf 87' lang='lat' dir='ltr'>quinta</span> <span class='ocrx_word' id='word_1_64' title='bbox 1066 1642 1140 1690; x_wconf 89' lang='lat' dir='ltr'>ante</span> <span class='ocrx_word' id='word_1_65' title='bbox 1168 1627 1285 1692; x_wconf 90' lang='lat' dir='ltr'>festum</span> <span class='ocrx_word' id='word_1_66' title='bbox 1310 1628 1537 1692; x_wconf 75' lang='lat' dir='ltr'>penthecostes</span> 
     </span>
    </p>

    <p class='ocr_par' dir='ltr' id='par_1_7' title="bbox 273 1734 1152 1924">
     <span class='ocr_line' id='line_1_11' title="bbox 273 1734 1152 1820; baseline 0 -22"><span class='ocrx_word' id='word_1_67' title='bbox 273 1757 332 1820; x_wconf 91' lang='lat' dir='ltr'>pro</span> <span class='ocrx_word' id='word_1_68' title='bbox 356 1737 495 1819; x_wconf 90' lang='lat' dir='ltr'>coquina</span> <span class='ocrx_word' id='word_1_69' title='bbox 518 1736 664 1798; x_wconf 89' lang='lat' dir='ltr'>eiusdem</span> <span class='ocrx_word' id='word_1_70' title='bbox 689 1735 813 1796; x_wconf 89' lang='lat' dir='ltr'>domini</span> <span class='ocrx_word' id='word_1_71' title='bbox 838 1734 1045 1796; x_wconf 82' lang='lat' dir='ltr'>waradiensis</span> <span class='ocrx_word' id='word_1_72' title='bbox 1070 1735 1152 1798; x_wconf 90' lang='lat' dir='ltr'>emi:</span> 
     </span>
     <span class='ocr_line' id='line_1_12' title="bbox 378 1838 852 1924; baseline 0.002 -21"><span class='ocrx_word' id='word_1_73' title='bbox 378 1843 536 1924; x_wconf 89' lang='lat' dir='ltr'>Wapassa</span> <span class='ocrx_word' id='word_1_74' title='bbox 553 1890 559 1903; x_wconf 95' lang='lat'>.</span> <span class='ocrx_word' id='word_1_75' title='bbox 576 1891 582 1904; x_wconf 92' lang='lat'>.</span> <span class='ocrx_word' id='word_1_76' title='bbox 601 1893 606 1905; x_wconf 93' lang='lat'>.</span> <span class='ocrx_word' id='word_1_77' title='bbox 630 1841 688 1904; x_wconf 93' lang='lat' dir='ltr'>sol.</span> <span class='ocrx_word' id='word_1_78' title='bbox 710 1838 852 1904; x_wconf 88' lang='lat' dir='ltr'>XXXVI.</span> 
     </span>
    </p>

    <p class='ocr_par' dir='ltr' id='par_1_8' title="bbox 305 1947 1092 2030">
     <span class='ocr_line' id='line_1_13' title="bbox 305 1947 1092 2030; baseline 0.003 -21"><span class='ocrx_word' id='word_1_79' title='bbox 305 1975 311 1987; x_wconf 87' lang='lat'><strong>·</strong></span> <span class='ocrx_word' id='word_1_80' title='bbox 379 1947 631 2030; x_wconf 85' lang='lat' dir='ltr'>Amigdulorum</span> <span class='ocrx_word' id='word_1_81' title='bbox 658 1948 861 2014; x_wconf 89' lang='lat' dir='ltr'>nucleos...</span> <span class='ocrx_word' id='word_1_82' title='bbox 885 1949 944 2012; x_wconf 91' lang='lat' dir='ltr'>sol.</span> <span class='ocrx_word' id='word_1_83' title='bbox 968 1947 1092 2012; x_wconf 89' lang='lat' dir='ltr'>XXXII.</span> 
     </span>
    </p>

    <p class='ocr_par' dir='ltr' id='par_1_9' title="bbox 378 2053 1148 2779">
     <span class='ocr_line' id='line_1_14' title="bbox 379 2053 911 2120; baseline 0.008 -5"><span class='ocrx_word' id='word_1_84' title='bbox 379 2055 478 2116; x_wconf 88' lang='lat' dir='ltr'>Poma</span> <span class='ocrx_word' id='word_1_85' title='bbox 503 2053 663 2116; x_wconf 89' lang='lat' dir='ltr'>narancha</span> <span class='ocrx_word' id='word_1_86' title='bbox 680 2104 686 2118; x_wconf 93' lang='lat'>.</span> <span class='ocrx_word' id='word_1_87' title='bbox 705 2103 734 2116; x_wconf 95' lang='lat'>..</span> <span class='ocrx_word' id='word_1_88' title='bbox 761 2056 820 2119; x_wconf 91' lang='lat' dir='ltr'>sol.</span> <span class='ocrx_word' id='word_1_89' title='bbox 844 2057 911 2120; x_wconf 90' lang='lat' dir='ltr'>XL.</span> 
     </span>
     <span class='ocr_line' id='line_1_15' title="bbox 380 2159 823 2225; baseline 0.007 -3"><span class='ocrx_word' id='word_1_90' title='bbox 380 2160 555 2222; x_wconf 89' lang='lat' dir='ltr'>Lacticinia</span> <span class='ocrx_word' id='word_1_91' title='bbox 573 2209 579 2224; x_wconf 95' lang='lat'>.</span> <span class='ocrx_word' id='word_1_92' title='bbox 597 2209 626 2224; x_wconf 93' lang='lat'>..</span> <span class='ocrx_word' id='word_1_93' title='bbox 650 2161 709 2224; x_wconf 92' lang='lat' dir='ltr'>sol.</span> <span class='ocrx_word' id='word_1_94' title='bbox 732 2159 823 2225; x_wconf 91' lang='lat' dir='ltr'>XIIII.</span> 
     </span>
     <span class='ocr_line' id='line_1_16' title="bbox 378 2269 871 2334; baseline 0.002 -2"><span class='ocrx_word' id='word_1_95' title='bbox 378 2269 496 2332; x_wconf 88' lang='lat' dir='ltr'>Caulea</span> <span class='ocrx_word' id='word_1_96' title='bbox 519 2269 710 2332; x_wconf 87' lang='lat' dir='ltr'>virides...</span> <span class='ocrx_word' id='word_1_97' title='bbox 736 2270 795 2331; x_wconf 91' lang='lat' dir='ltr'>sol.</span> <span class='ocrx_word' id='word_1_98' title='bbox 821 2269 871 2334; x_wconf 95' lang='lat' dir='ltr'>VI.</span> 
     </span>
     <span class='ocr_line' id='line_1_17' title="bbox 379 2375 731 2440; baseline 0.006 -2"><span class='ocrx_word' id='word_1_99' title='bbox 379 2375 500 2438; x_wconf 87' lang='lat' dir='ltr'>Cerusa</span> <span class='ocrx_word' id='word_1_100' title='bbox 518 2423 524 2437; x_wconf 93' lang='lat'>.</span> <span class='ocrx_word' id='word_1_101' title='bbox 542 2423 572 2438; x_wconf 91' lang='lat'>..</span> <span class='ocrx_word' id='word_1_102' title='bbox 597 2375 656 2440; x_wconf 91' lang='lat' dir='ltr'>sol.</span> <span class='ocrx_word' id='word_1_103' title='bbox 680 2375 731 2440; x_wconf 95' lang='lat' dir='ltr'>Vl.</span> 
     </span>
     <span class='ocr_line' id='line_1_18' title="bbox 380 2482 1148 2565; baseline 0.005 -21"><span class='ocrx_word' id='word_1_104' title='bbox 380 2482 574 2544; x_wconf 90' lang='lat' dir='ltr'>Malvatrum</span> <span class='ocrx_word' id='word_1_105' title='bbox 599 2501 658 2565; x_wconf 95' lang='lat' dir='ltr'>pro</span> <span class='ocrx_word' id='word_1_106' title='bbox 675 2501 730 2544; x_wconf 93' lang='lat' dir='ltr'>ore</span> <span class='ocrx_word' id='word_1_107' title='bbox 754 2483 972 2546; x_wconf 89' lang='lat' dir='ltr'>eiusdem...</span> <span class='ocrx_word' id='word_1_108' title='bbox 998 2483 1057 2548; x_wconf 92' lang='lat' dir='ltr'>sol.</span> <span class='ocrx_word' id='word_1_109' title='bbox 1080 2483 1148 2548; x_wconf 93' lang='lat' dir='ltr'>XX.</span> 
     </span>
     <span class='ocr_line' id='line_1_19' title="bbox 379 2589 921 2654; baseline 0.006 -4"><span class='ocrx_word' id='word_1_110' title='bbox 379 2589 452 2650; x_wconf 89' lang='lat' dir='ltr'>Emi</span> <span class='ocrx_word' id='word_1_111' title='bbox 476 2603 539 2652; x_wconf 91' lang='lat' dir='ltr'>tres</span> <span class='ocrx_word' id='word_1_112' title='bbox 562 2589 708 2650; x_wconf 90' lang='lat' dir='ltr'>lucernas</span> <span class='ocrx_word' id='word_1_113' title='bbox 725 2639 731 2652; x_wconf 95' lang='lat'>.</span> <span class='ocrx_word' id='word_1_114' title='bbox 749 2638 779 2652; x_wconf 94' lang='lat'>..</span> <span class='ocrx_word' id='word_1_115' title='bbox 803 2589 861 2653; x_wconf 91' lang='lat' dir='ltr'>sol.</span> <span class='ocrx_word' id='word_1_116' title='bbox 886 2591 921 2654; x_wconf 91' lang='lat' dir='ltr'>L.</span> 
     </span>
     <span class='ocr_line' id='line_1_20' title="bbox 380 2695 1131 2779; baseline 0.003 -20"><span class='ocrx_word' id='word_1_117' title='bbox 380 2695 542 2759; x_wconf 89' lang='lat' dir='ltr'>Candelas</span> <span class='ocrx_word' id='word_1_118' title='bbox 565 2717 677 2779; x_wconf 86' lang='lat' dir='ltr'>sepeas</span> <span class='ocrx_word' id='word_1_119' title='bbox 701 2710 731 2758; x_wconf 91' lang='lat' dir='ltr'>et</span> <span class='ocrx_word' id='word_1_120' title='bbox 755 2717 861 2759; x_wconf 89' lang='lat' dir='ltr'>cereas</span> <span class='ocrx_word' id='word_1_121' title='bbox 879 2747 885 2760; x_wconf 94' lang='lat'>.</span> <span class='ocrx_word' id='word_1_122' title='bbox 903 2747 933 2760; x_wconf 94' lang='lat'>..</span> <span class='ocrx_word' id='word_1_123' title='bbox 956 2698 1015 2761; x_wconf 94' lang='lat' dir='ltr'>sol.</span> <span class='ocrx_word' id='word_1_124' title='bbox 1038 2696 1131 2761; x_wconf 93' lang='lat' dir='ltr'>XVII.</span> 
     </span>
    </p>
   </div>
   <div class='ocr_carea' id='block_1_5' title="bbox 275 2821 1537 3436">
    <p class='ocr_par' dir='ltr' id='par_1_10' title="bbox 275 2821 1536 3010">
     <span class='ocr_line' id='line_1_21' title="bbox 381 2821 1536 2906; baseline 0.003 -23"><span class='ocrx_word' id='word_1_125' title='bbox 381 2821 466 2896; x_wconf 89' lang='lat' dir='ltr'>Quia</span> <span class='ocrx_word' id='word_1_126' title='bbox 490 2841 556 2883; x_wconf 90' lang='lat' dir='ltr'>non</span> <span class='ocrx_word' id='word_1_127' title='bbox 581 2821 770 2884; x_wconf 87' lang='lat' dir='ltr'>suffecerant</span> <span class='ocrx_word' id='word_1_128' title='bbox 794 2822 874 2905; x_wconf 93' lang='lat' dir='ltr'>pulli</span> <span class='ocrx_word' id='word_1_129' title='bbox 892 2823 1024 2904; x_wconf 85' lang='lat' dir='ltr'>juvenes</span> <span class='ocrx_word' id='word_1_130' title='bbox 1049 2843 1106 2906; x_wconf 93' lang='lat' dir='ltr'>pro</span> <span class='ocrx_word' id='word_1_131' title='bbox 1124 2825 1264 2905; x_wconf 90' lang='lat' dir='ltr'>coquina</span> <span class='ocrx_word' id='word_1_132' title='bbox 1288 2823 1443 2902; x_wconf 84' lang='lat' dir='ltr'>eiusdem,</span> <span class='ocrx_word' id='word_1_133' title='bbox 1461 2824 1536 2886; x_wconf 90' lang='lat' dir='ltr'>ideo</span> 
     </span>
     <span class='ocr_line' id='line_1_22' title="bbox 275 2923 964 3010; baseline 0.004 -20"><span class='ocrx_word' id='word_1_134' title='bbox 275 2941 305 2990; x_wconf 90' lang='lat' dir='ltr'>et</span> <span class='ocrx_word' id='word_1_135' title='bbox 329 2927 436 3010; x_wconf 92' lang='lat' dir='ltr'>pullos</span> <span class='ocrx_word' id='word_1_136' title='bbox 460 2927 593 3008; x_wconf 87' lang='lat' dir='ltr'>juvenes</span> <span class='ocrx_word' id='word_1_137' title='bbox 617 2923 681 2991; x_wconf 86' lang='lat' dir='ltr'>erni</span> <span class='ocrx_word' id='word_1_138' title='bbox 698 2977 703 2990; x_wconf 95' lang='lat'>.</span> <span class='ocrx_word' id='word_1_139' title='bbox 721 2978 751 2990; x_wconf 94' lang='lat'>..</span> <span class='ocrx_word' id='word_1_140' title='bbox 775 2929 834 2992; x_wconf 90' lang='lat' dir='ltr'>sol.</span> <span class='ocrx_word' id='word_1_141' title='bbox 858 2927 964 2993; x_wconf 90' lang='lat' dir='ltr'>XLIII.</span> 
     </span>
    </p>

    <p class='ocr_par' dir='ltr' id='par_1_11' title="bbox 276 3034 1536 3223">
     <span class='ocr_line' id='line_1_23' title="bbox 380 3034 1536 3116; baseline 0.003 -21"><span class='ocrx_word' id='word_1_142' title='bbox 380 3034 430 3095; x_wconf 82' lang='lat' dir='ltr'>Ad</span> <span class='ocrx_word' id='word_1_143' title='bbox 455 3034 658 3116; x_wconf 83' lang='lat' dir='ltr'>colligendas</span> <span class='ocrx_word' id='word_1_144' title='bbox 682 3035 850 3097; x_wconf 90' lang='lat' dir='ltr'>honerales</span> <span class='ocrx_word' id='word_1_145' title='bbox 882 3035 1006 3098; x_wconf 91' lang='lat' dir='ltr'>ladulas</span> <span class='ocrx_word' id='word_1_146' title='bbox 1038 3036 1182 3097; x_wconf 90' lang='lat' dir='ltr'>eiusdem</span> <span class='ocrx_word' id='word_1_147' title='bbox 1215 3037 1279 3098; x_wconf 88' lang='lat' dir='ltr'>emi</span> <span class='ocrx_word' id='word_1_148' title='bbox 1305 3035 1398 3099; x_wconf 90' lang='lat' dir='ltr'>funes</span> <span class='ocrx_word' id='word_1_149' title='bbox 1422 3037 1462 3098; x_wconf 92' lang='lat' dir='ltr'>de</span> <span class='ocrx_word' id='word_1_150' title='bbox 1486 3057 1536 3099; x_wconf 90' lang='lat' dir='ltr'>ca·</span> 
     </span>
     <span class='ocr_line' id='line_1_24' title="bbox 276 3138 657 3223; baseline 0.01 -22"><span class='ocrx_word' id='word_1_151' title='bbox 276 3159 404 3223; x_wconf 91' lang='lat' dir='ltr'>napo..</span> <span class='ocrx_word' id='word_1_152' title='bbox 424 3189 431 3203; x_wconf 93' lang='lat'>.</span> <span class='ocrx_word' id='word_1_153' title='bbox 455 3141 514 3204; x_wconf 90' lang='lat' dir='ltr'>sol.</span> <span class='ocrx_word' id='word_1_154' title='bbox 536 3138 657 3206; x_wconf 94' lang='lat' dir='ltr'>XXIIII.</span> 
     </span>
    </p>

    <p class='ocr_par' dir='ltr' id='par_1_12' title="bbox 275 3245 1537 3436">
     <span class='ocr_line' id='line_1_25' title="bbox 381 3245 1536 3332; baseline 0.002 -22"><span class='ocrx_word' id='word_1_155' title='bbox 381 3245 458 3310; x_wconf 90' lang='lat' dir='ltr'>Item</span> <span class='ocrx_word' id='word_1_156' title='bbox 484 3260 786 3330; x_wconf 88' lang='lat' dir='ltr'>apromptuaveram</span> <span class='ocrx_word' id='word_1_157' title='bbox 820 3249 849 3310; x_wconf 90' lang='lat' dir='ltr'>ei</span> <span class='ocrx_word' id='word_1_158' title='bbox 877 3248 1050 3310; x_wconf 86' lang='lat' dir='ltr'>honeratos</span> <span class='ocrx_word' id='word_1_159' title='bbox 1081 3269 1182 3330; x_wconf 89' lang='lat' dir='ltr'>equos</span> <span class='ocrx_word' id='word_1_160' title='bbox 1213 3270 1250 3310; x_wconf 83' lang='lat' dir='ltr'>ex</span> <span class='ocrx_word' id='word_1_161' title='bbox 1275 3249 1435 3312; x_wconf 90' lang='lat' dir='ltr'>curriferis</span> <span class='ocrx_word' id='word_1_162' title='bbox 1458 3270 1536 3332; x_wconf 93' lang='lat' dir='ltr'>qua·</span> 
     </span>
     <span class='ocr_line' id='line_1_26' title="bbox 275 3353 1537 3436; baseline 0.001 -19"><span class='ocrx_word' id='word_1_163' title='bbox 275 3367 360 3433; x_wconf 84' lang='lat' dir='ltr'>tuor,</span> <span class='ocrx_word' id='word_1_164' title='bbox 385 3355 441 3436; x_wconf 92' lang='lat' dir='ltr'>qui</span> <span class='ocrx_word' id='word_1_165' title='bbox 465 3368 538 3436; x_wconf 92' lang='lat' dir='ltr'>post</span> <span class='ocrx_word' id='word_1_166' title='bbox 562 3374 597 3416; x_wconf 87' lang='lat' dir='ltr'>ea</span> <span class='ocrx_word' id='word_1_167' title='bbox 623 3353 753 3416; x_wconf 91' lang='lat' dir='ltr'>fuerunt</span> <span class='ocrx_word' id='word_1_168' title='bbox 781 3373 882 3435; x_wconf 90' lang='lat' dir='ltr'>usque</span> <span class='ocrx_word' id='word_1_169' title='bbox 916 3355 1118 3416; x_wconf 89' lang='lat' dir='ltr'>Modrussam</span> <span class='ocrx_word' id='word_1_170' title='bbox 1143 3355 1174 3416; x_wconf 92' lang='lat' dir='ltr'>in</span> <span class='ocrx_word' id='word_1_171' title='bbox 1208 3375 1301 3418; x_wconf 93' lang='lat' dir='ltr'>curru</span> <span class='ocrx_word' id='word_1_172' title='bbox 1325 3356 1482 3435; x_wconf 84' lang='lat' dir='ltr'>eiusdem,</span> <span class='ocrx_word' id='word_1_173' title='bbox 1506 3371 1537 3418; x_wconf 89' lang='lat' dir='ltr'>et</span> 
     </span>
    </p>
   </div>
   <div class='ocr_carea' id='block_1_6' title="bbox 275 3460 1536 3632">
    <p class='ocr_par' dir='ltr' id='par_1_13' title="bbox 275 3460 1536 3632">
     <span class='ocr_line' id='line_1_27' title="bbox 275 3460 1536 3544; baseline 0 -20"><span class='ocrx_word' id='word_1_174' title='bbox 275 3462 349 3524; x_wconf 92' lang='lat' dir='ltr'>illos</span> <span class='ocrx_word' id='word_1_175' title='bbox 372 3460 510 3523; x_wconf 82' lang='lat' dir='ltr'>feceram</span> <span class='ocrx_word' id='word_1_176' title='bbox 543 3461 699 3542; x_wconf 82' lang='lat' dir='ltr'>Zagrabie</span> <span class='ocrx_word' id='word_1_177' title='bbox 733 3462 882 3522; x_wconf 88' lang='lat' dir='ltr'>babatare</span> <span class='ocrx_word' id='word_1_178' title='bbox 916 3475 947 3524; x_wconf 92' lang='lat' dir='ltr'>et</span> <span class='ocrx_word' id='word_1_179' title='bbox 979 3462 1079 3523; x_wconf 88' lang='lat' dir='ltr'>eciam</span> <span class='ocrx_word' id='word_1_180' title='bbox 1112 3462 1193 3524; x_wconf 91' lang='lat' dir='ltr'>alios</span> <span class='ocrx_word' id='word_1_181' title='bbox 1225 3482 1326 3544; x_wconf 90' lang='lat' dir='ltr'>equos</span> <span class='ocrx_word' id='word_1_182' title='bbox 1351 3462 1536 3544; x_wconf 88' lang='lat' dir='ltr'>reformare,</span> 
     </span>
     <span class='ocr_line' id='line_1_28' title="bbox 276 3566 616 3632; baseline 0.006 -3"><span class='ocrx_word' id='word_1_183' title='bbox 276 3568 405 3631; x_wconf 88' lang='lat' dir='ltr'>solvi..</span> <span class='ocrx_word' id='word_1_184' title='bbox 424 3617 431 3630; x_wconf 93' lang='lat'>.</span> <span class='ocrx_word' id='word_1_185' title='bbox 454 3567 512 3632; x_wconf 88' lang='lat' dir='ltr'>sol.</span> <span class='ocrx_word' id='word_1_186' title='bbox 538 3566 616 3631; x_wconf 94' lang='lat' dir='ltr'>LVI.</span> 
     </span>
    </p>
   </div>
   <div class='ocr_carea' id='block_1_7' title="bbox 276 3690 1537 4096">
    <p class='ocr_par' dir='ltr' id='par_1_14' title="bbox 383 3690 1537 3774">
     <span class='ocr_line' id='line_1_29' title="bbox 383 3690 1537 3774; baseline 0.002 -20"><span class='ocrx_word' id='word_1_187' title='bbox 383 3691 503 3754; x_wconf 90' lang='lat' dir='ltr'>Ibidem</span> <span class='ocrx_word' id='word_1_188' title='bbox 522 3691 678 3774; x_wconf 83' lang='lat' dir='ltr'>Zagrabie</span> <span class='ocrx_word' id='word_1_189' title='bbox 691 3692 755 3753; x_wconf 93' lang='lat' dir='ltr'>erni</span> <span class='ocrx_word' id='word_1_190' title='bbox 772 3705 915 3772; x_wconf 84' lang='lat' dir='ltr'>strangas</span> <span class='ocrx_word' id='word_1_191' title='bbox 932 3692 971 3754; x_wconf 94' lang='lat' dir='ltr'>ad</span> <span class='ocrx_word' id='word_1_192' title='bbox 989 3692 1081 3754; x_wconf 90' lang='lat' dir='ltr'>redas</span> <span class='ocrx_word' id='word_1_193' title='bbox 1094 3711 1250 3774; x_wconf 88' lang='lat' dir='ltr'>equorum</span> <span class='ocrx_word' id='word_1_194' title='bbox 1270 3741 1276 3754; x_wconf 95' lang='lat'>.</span> <span class='ocrx_word' id='word_1_195' title='bbox 1294 3743 1300 3756; x_wconf 92' lang='lat'>.</span> <span class='ocrx_word' id='word_1_196' title='bbox 1318 3743 1323 3755; x_wconf 96' lang='lat'>.</span> <span class='ocrx_word' id='word_1_197' title='bbox 1340 3694 1398 3756; x_wconf 89' lang='lat' dir='ltr'>sol.</span> <span class='ocrx_word' id='word_1_198' title='bbox 1413 3690 1537 3757; x_wconf 94' lang='lat' dir='ltr'>XXVII.</span> 
     </span>
    </p>

    <p class='ocr_par' dir='ltr' id='par_1_15' title="bbox 276 3797 1535 4096">
     <span class='ocr_line' id='line_1_30' title="bbox 383 3797 1535 3880; baseline 0 -20"><span class='ocrx_word' id='word_1_199' title='bbox 383 3800 461 3861; x_wconf 88' lang='lat' dir='ltr'>Item</span> <span class='ocrx_word' id='word_1_200' title='bbox 494 3799 526 3860; x_wconf 91' lang='lat' dir='ltr'>in</span> <span class='ocrx_word' id='word_1_201' title='bbox 559 3799 720 3860; x_wconf 90' lang='lat' dir='ltr'>veniendo</span> <span class='ocrx_word' id='word_1_202' title='bbox 752 3800 942 3880; x_wconf 81' lang='lat' dir='ltr'>ZagrabIam</span> <span class='ocrx_word' id='word_1_203' title='bbox 976 3797 1149 3860; x_wconf 82' lang='lat' dir='ltr'>familiares</span> <span class='ocrx_word' id='word_1_204' title='bbox 1181 3799 1256 3860; x_wconf 91' lang='lat' dir='ltr'>dicti</span> <span class='ocrx_word' id='word_1_205' title='bbox 1288 3798 1413 3860; x_wconf 92' lang='lat' dir='ltr'>domini</span> <span class='ocrx_word' id='word_1_206' title='bbox 1436 3819 1535 3861; x_wconf 91' lang='lat' dir='ltr'>wara·</span> 
     </span>
     <span class='ocr_line' id='line_1_31' title="bbox 277 3905 1534 3987; baseline 0.001 -20"><span class='ocrx_word' id='word_1_207' title='bbox 277 3907 396 3970; x_wconf 88' lang='lat' dir='ltr'>dlensis</span> <span class='ocrx_word' id='word_1_208' title='bbox 420 3906 558 3968; x_wconf 89' lang='lat' dir='ltr'>feceram</span> <span class='ocrx_word' id='word_1_209' title='bbox 583 3906 776 3968; x_wconf 88' lang='lat' dir='ltr'>descendere</span> <span class='ocrx_word' id='word_1_210' title='bbox 799 3925 857 3987; x_wconf 92' lang='lat' dir='ltr'>pro</span> <span class='ocrx_word' id='word_1_211' title='bbox 882 3905 1127 3967; x_wconf 90' lang='lat' dir='ltr'>unacollacione</span> <span class='ocrx_word' id='word_1_212' title='bbox 1152 3906 1183 3966; x_wconf 90' lang='lat' dir='ltr'>in</span> <span class='ocrx_word' id='word_1_213' title='bbox 1209 3905 1397 3967; x_wconf 89' lang='lat' dir='ltr'>Mindzenth</span> <span class='ocrx_word' id='word_1_214' title='bbox 1422 3919 1454 3968; x_wconf 91' lang='lat' dir='ltr'>et</span> <span class='ocrx_word' id='word_1_215' title='bbox 1476 3907 1534 3968; x_wconf 93' lang='lat' dir='ltr'>ibi·</span> 
     </span>
     <span class='ocr_line' id='line_1_32' title="bbox 276 4010 1145 4096; baseline 0.002 -22"><span class='ocrx_word' id='word_1_216' title='bbox 276 4014 351 4077; x_wconf 91' lang='lat' dir='ltr'>dem</span> <span class='ocrx_word' id='word_1_217' title='bbox 375 4015 508 4096; x_wconf 83' lang='lat' dir='ltr'>exposui</span> <span class='ocrx_word' id='word_1_218' title='bbox 533 4033 591 4096; x_wconf 90' lang='lat' dir='ltr'>pro</span> <span class='ocrx_word' id='word_1_219' title='bbox 616 4014 681 4074; x_wconf 86' lang='lat' dir='ltr'>vitri</span> <span class='ocrx_word' id='word_1_220' title='bbox 707 4027 737 4074; x_wconf 94' lang='lat' dir='ltr'>et</span> <span class='ocrx_word' id='word_1_221' title='bbox 761 4013 903 4076; x_wconf 91' lang='lat' dir='ltr'>aliis...</span> <span class='ocrx_word' id='word_1_222' title='bbox 926 4013 984 4076; x_wconf 89' lang='lat' dir='ltr'>sol.</span> <span class='ocrx_word' id='word_1_223' title='bbox 1009 4010 1145 4076; x_wconf 92' lang='lat' dir='ltr'>XXXIII.</span> 
     </span>
    </p>
   </div>
   <div class='ocr_carea' id='block_1_8' title="bbox 276 4135 1537 4628">
    <p class='ocr_par' dir='ltr' id='par_1_16' title="bbox 276 4135 1536 4310">
     <span class='ocr_line' id='line_1_33' title="bbox 381 4135 1536 4220; baseline 0.001 -19"><span class='ocrx_word' id='word_1_224' title='bbox 381 4137 459 4202; x_wconf 89' lang='lat' dir='ltr'>Item</span> <span class='ocrx_word' id='word_1_225' title='bbox 472 4137 593 4200; x_wconf 86' lang='lat' dir='ltr'>ibidem</span> <span class='ocrx_word' id='word_1_226' title='bbox 611 4137 764 4218; x_wconf 81' lang='lat' dir='ltr'>Zagrabie</span> <span class='ocrx_word' id='word_1_227' title='bbox 782 4138 845 4198; x_wconf 91' lang='lat' dir='ltr'>emi</span> <span class='ocrx_word' id='word_1_228' title='bbox 859 4157 917 4220; x_wconf 92' lang='lat' dir='ltr'>pro</span> <span class='ocrx_word' id='word_1_229' title='bbox 941 4137 1054 4198; x_wconf 89' lang='lat' dir='ltr'>diebus</span> <span class='ocrx_word' id='word_1_230' title='bbox 1070 4135 1185 4218; x_wconf 86' lang='lat' dir='ltr'>jejunis</span> <span class='ocrx_word' id='word_1_231' title='bbox 1202 4137 1316 4198; x_wconf 91' lang='lat' dir='ltr'>idriam</span> <span class='ocrx_word' id='word_1_232' title='bbox 1333 4137 1372 4199; x_wconf 95' lang='lat' dir='ltr'>de</span> <span class='ocrx_word' id='word_1_233' title='bbox 1390 4138 1464 4200; x_wconf 94' lang='lat' dir='ltr'>oleo</span> <span class='ocrx_word' id='word_1_234' title='bbox 1481 4188 1488 4202; x_wconf 96' lang='lat'>.</span> <span class='ocrx_word' id='word_1_235' title='bbox 1505 4187 1512 4202; x_wconf 96' lang='lat'>.</span> <span class='ocrx_word' id='word_1_236' title='bbox 1529 4187 1536 4202; x_wconf 96' lang='lat'>.</span> 
     </span>
     <span class='ocr_line' id='line_1_34' title="bbox 276 4244 512 4310; baseline 0.004 -2"><span class='ocrx_word' id='word_1_237' title='bbox 276 4247 333 4310; x_wconf 89' lang='lat' dir='ltr'>sol.</span> <span class='ocrx_word' id='word_1_238' title='bbox 357 4244 512 4309; x_wconf 93' lang='lat' dir='ltr'>XXXVII.</span> 
     </span>
    </p>

    <p class='ocr_par' dir='ltr' id='par_1_17' title="bbox 277 4348 1537 4628">
     <span class='ocr_line' id='line_1_35' title="bbox 381 4348 1537 4433; baseline -0.003 -17"><span class='ocrx_word' id='word_1_239' title='bbox 381 4351 502 4416; x_wconf 91' lang='lat' dir='ltr'>Ibidem</span> <span class='ocrx_word' id='word_1_240' title='bbox 535 4353 636 4414; x_wconf 91' lang='lat' dir='ltr'>eciam</span> <span class='ocrx_word' id='word_1_241' title='bbox 673 4371 812 4414; x_wconf 88' lang='lat' dir='ltr'>emeram</span> <span class='ocrx_word' id='word_1_242' title='bbox 851 4351 1026 4433; x_wconf 90' lang='lat' dir='ltr'>pisces...</span> <span class='ocrx_word' id='word_1_243' title='bbox 1058 4351 1116 4416; x_wconf 88' lang='lat' dir='ltr'>sol.</span> <span class='ocrx_word' id='word_1_244' title='bbox 1146 4348 1304 4413; x_wconf 79' lang='lat' dir='ltr'>lluxvssl.</span> <span class='ocrx_word' id='word_1_245' title='bbox 1341 4351 1387 4411; x_wconf 86' lang='lat' dir='ltr'>Ex</span> <span class='ocrx_word' id='word_1_246' title='bbox 1419 4352 1537 4431; x_wconf 89' lang='lat' dir='ltr'>quibus</span> 
     </span>
     <span class='ocr_line' id='line_1_36' title="bbox 277 4456 1536 4541; baseline -0.002 -21"><span class='ocrx_word' id='word_1_247' title='bbox 277 4459 376 4541; x_wconf 91' lang='lat' dir='ltr'>aliqui</span> <span class='ocrx_word' id='word_1_248' title='bbox 402 4459 557 4540; x_wconf 85' lang='lat' dir='ltr'>Zagrabie</span> <span class='ocrx_word' id='word_1_249' title='bbox 582 4457 711 4520; x_wconf 88' lang='lat' dir='ltr'>fuerunt</span> <span class='ocrx_word' id='word_1_250' title='bbox 736 4457 882 4540; x_wconf 81' lang='lat' dir='ltr'>expositI,</span> <span class='ocrx_word' id='word_1_251' title='bbox 907 4457 1013 4539; x_wconf 88' lang='lat' dir='ltr'>plures</span> <span class='ocrx_word' id='word_1_252' title='bbox 1041 4471 1156 4518; x_wconf 90' lang='lat' dir='ltr'>tamen·</span> <span class='ocrx_word' id='word_1_253' title='bbox 1173 4457 1213 4517; x_wconf 92' lang='lat' dir='ltr'>ad</span> <span class='ocrx_word' id='word_1_254' title='bbox 1238 4457 1323 4517; x_wconf 89' lang='lat' dir='ltr'>viam</span> <span class='ocrx_word' id='word_1_255' title='bbox 1348 4456 1453 4518; x_wconf 89' lang='lat' dir='ltr'>eidem</span> <span class='ocrx_word' id='word_1_256' title='bbox 1478 4457 1536 4519; x_wconf 92' lang='lat' dir='ltr'>do·</span> 
     </span>
     <span class='ocr_line' id='line_1_37' title="bbox 277 4564 905 4628; baseline 0 -1"><span class='ocrx_word' id='word_1_257' title='bbox 277 4567 365 4628; x_wconf 89' lang='lat' dir='ltr'>mino</span> <span class='ocrx_word' id='word_1_258' title='bbox 392 4566 580 4628; x_wconf 86' lang='lat' dir='ltr'>waradiensi</span> <span class='ocrx_word' id='word_1_259' title='bbox 606 4564 734 4628; x_wconf 91' lang='lat' dir='ltr'>fuerunt</span> <span class='ocrx_word' id='word_1_260' title='bbox 766 4564 905 4627; x_wconf 89' lang='lat' dir='ltr'>deducti.</span> 
     </span>
    </p>
   </div>
   <div class='ocr_carea' id='block_1_9' title="bbox 277 4686 1535 5094">
    <p class='ocr_par' dir='ltr' id='par_1_18' title="bbox 277 4686 1535 4860">
     <span class='ocr_line' id='line_1_38' title="bbox 382 4686 1535 4770; baseline -0.003 -18"><span class='ocrx_word' id='word_1_261' title='bbox 382 4688 504 4752; x_wconf 91' lang='lat' dir='ltr'>Ibidem</span> <span class='ocrx_word' id='word_1_262' title='bbox 522 4689 676 4770; x_wconf 82' lang='lat' dir='ltr'>Zagrabie</span> <span class='ocrx_word' id='word_1_263' title='bbox 694 4708 752 4770; x_wconf 94' lang='lat' dir='ltr'>pro</span> <span class='ocrx_word' id='word_1_264' title='bbox 769 4707 879 4750; x_wconf 87' lang='lat' dir='ltr'>mensa</span> <span class='ocrx_word' id='word_1_265' title='bbox 903 4687 1003 4769; x_wconf 91' lang='lat' dir='ltr'>ipsius</span> <span class='ocrx_word' id='word_1_266' title='bbox 1019 4687 1143 4748; x_wconf 91' lang='lat' dir='ltr'>domini</span> <span class='ocrx_word' id='word_1_267' title='bbox 1164 4686 1371 4748; x_wconf 87' lang='lat' dir='ltr'>waradiensis</span> <span class='ocrx_word' id='word_1_268' title='bbox 1395 4705 1535 4750; x_wconf 88' lang='lat' dir='ltr'>emeram</span> 
     </span>
     <span class='ocr_line' id='line_1_39' title="bbox 277 4793 658 4860; baseline 0.003 -3"><span class='ocrx_word' id='word_1_269' title='bbox 277 4815 457 4858; x_wconf 91' lang='lat' dir='ltr'>cancros..</span> <span class='ocrx_word' id='word_1_270' title='bbox 479 4845 485 4857; x_wconf 94' lang='lat'>.</span> <span class='ocrx_word' id='word_1_271' title='bbox 509 4795 569 4860; x_wconf 92' lang='lat' dir='ltr'>sol.</span> <span class='ocrx_word' id='word_1_272' title='bbox 594 4793 658 4858; x_wconf 95' lang='lat' dir='ltr'>VII.</span> 
     </span>
    </p>

    <p class='ocr_par' dir='ltr' id='par_1_19' title="bbox 277 4898 1534 5094">
     <span class='ocr_line' id='line_1_40' title="bbox 381 4898 1534 4980; baseline -0.001 -17"><span class='ocrx_word' id='word_1_273' title='bbox 381 4899 458 4963; x_wconf 91' lang='lat' dir='ltr'>Item</span> <span class='ocrx_word' id='word_1_274' title='bbox 484 4901 639 4980; x_wconf 82' lang='lat' dir='ltr'>Zagrabie</span> <span class='ocrx_word' id='word_1_275' title='bbox 664 4920 737 4962; x_wconf 92' lang='lat' dir='ltr'>cum</span> <span class='ocrx_word' id='word_1_276' title='bbox 769 4901 920 4962; x_wconf 88' lang='lat' dir='ltr'>omnibus</span> <span class='ocrx_word' id='word_1_277' title='bbox 951 4898 1164 4960; x_wconf 87' lang='lat' dir='ltr'>familiaribus</span> <span class='ocrx_word' id='word_1_278' title='bbox 1194 4899 1318 4960; x_wconf 90' lang='lat' dir='ltr'>domini</span> <span class='ocrx_word' id='word_1_279' title='bbox 1343 4899 1534 4962; x_wconf 85' lang='lat' dir='ltr'>intraveram</span> 
     </span>
     <span class='ocr_line' id='line_1_41' title="bbox 277 5003 1193 5094; baseline 0.002 -26"><span class='ocrx_word' id='word_1_280' title='bbox 277 5007 317 5072; x_wconf 91' lang='lat' dir='ltr'>ad</span> <span class='ocrx_word' id='word_1_281' title='bbox 342 5007 494 5072; x_wconf 88' lang='lat' dir='ltr'>balneum</span> <span class='ocrx_word' id='word_1_282' title='bbox 519 5021 550 5070; x_wconf 92' lang='lat' dir='ltr'>et</span> <span class='ocrx_word' id='word_1_283' title='bbox 574 5005 808 5094; x_wconf 40' lang='lat' dir='ltr'>pross‘omnibus</span> <span class='ocrx_word' id='word_1_284' title='bbox 832 5005 913 5067; x_wconf 90' lang='lat' dir='ltr'>solvi</span> <span class='ocrx_word' id='word_1_285' title='bbox 931 5052 938 5068; x_wconf 95' lang='lat'>.</span> <span class='ocrx_word' id='word_1_286' title='bbox 958 5055 990 5070; x_wconf 89' lang='lat'>..</span> <span class='ocrx_word' id='word_1_287' title='bbox 1015 5004 1073 5070; x_wconf 90' lang='lat' dir='ltr'>sol.</span> <span class='ocrx_word' id='word_1_288' title='bbox 1097 5003 1193 5070; x_wconf 93' lang='lat' dir='ltr'>XXV.</span> 
     </span>
    </p>
   </div>
   <div class='ocr_carea' id='block_1_10' title="bbox 0 0 1929 5796">
    <p class='ocr_par' dir='ltr' id='par_1_20' title="bbox 0 0 1929 5796">
     <span class='ocr_line' id='line_1_42' title="bbox 0 0 1929 5796; baseline 0 0"><span class='ocrx_word' id='word_1_289' title='bbox 0 0 1929 5796; x_wconf 95' lang='lat' dir='ltr'> </span> 
     </span>
    </p>
   </div>
  </div>
 </body>
</html>
