<?xml version="1.0" encoding="UTF-8"?>
<!DOCTYPE html PUBLIC "-//W3C//DTD XHTML 1.0 Transitional//EN"
    "http://www.w3.org/TR/xhtml1/DTD/xhtml1-transitional.dtd">
<html xmlns="http://www.w3.org/1999/xhtml" xml:lang="en" lang="en">
 <head>
  <title>
</title>
<meta http-equiv="Content-Type" content="text/html;charset=utf-8" />
  <meta name='ocr-system' content='tesseract 3.04.00' />
  <meta name='ocr-capabilities' content='ocr_page ocr_carea ocr_par ocr_line ocrx_word'/>
</head>
<body>
  <div class='ocr_page' id='page_1' title='image "./monumentahistor19laszgoog_0094.png"; bbox 0 0 3842 5802; ppageno 0'>
   <div class='ocr_carea' id='block_1_1' title="bbox 386 531 1127 615">
    <p class='ocr_par' dir='ltr' id='par_1_1' title="bbox 386 531 1127 615">
     <span class='ocr_line' id='line_1_1' title="bbox 386 531 1127 615; baseline -0.001 -19"><span class='ocrx_word' id='word_1_1' title='bbox 386 556 429 615; x_wconf 86' lang='lat'>42</span> <span class='ocrx_word' id='word_1_2' title='bbox 923 535 1009 593; x_wconf 76' lang='lat' dir='ltr'>Anno</span> <span class='ocrx_word' id='word_1_3' title='bbox 1032 531 1127 612; x_wconf 82' lang='lat'><em>1480.</em></span> 
     </span>
    </p>
   </div>
   <div class='ocr_carea' id='block_1_2' title="bbox 386 741 1652 939">
    <p class='ocr_par' dir='ltr' id='par_1_2' title="bbox 386 741 1652 939">
     <span class='ocr_line' id='line_1_2' title="bbox 386 741 1652 829; baseline -0.008 -17"><span class='ocrx_word' id='word_1_4' title='bbox 386 750 526 812; x_wconf 84' lang='lat' dir='ltr'>concivis</span> <span class='ocrx_word' id='word_1_5' title='bbox 543 749 653 826; x_wconf 89' lang='lat' dir='ltr'><strong>nostri,</strong></span> <span class='ocrx_word' id='word_1_6' title='bbox 670 747 816 811; x_wconf 90' lang='lat' dir='ltr'>vendidit</span> <span class='ocrx_word' id='word_1_7' title='bbox 831 748 958 809; x_wconf 86' lang='lat' dir='ltr'>vineam</span> <span class='ocrx_word' id='word_1_8' title='bbox 973 766 1063 808; x_wconf 90' lang='lat' dir='ltr'>suam</span> <span class='ocrx_word' id='word_1_9' title='bbox 1080 765 1180 829; x_wconf 85' lang='lat' dir='ltr'>prope</span> <span class='ocrx_word' id='word_1_10' title='bbox 1194 745 1361 808; x_wconf 87' lang='lat' dir='ltr'>ecclesiam</span> <span class='ocrx_word' id='word_1_11' title='bbox 1379 743 1485 806; x_wconf 88' lang='lat' dir='ltr'>sancti</span> <span class='ocrx_word' id='word_1_12' title='bbox 1506 741 1652 822; x_wconf 83' lang='lat' dir='ltr'>Georgii,</span> 
     </span>
     <span class='ocr_line' id='line_1_3' title="bbox 386 851 1369 939; baseline -0.004 -21"><span class='ocrx_word' id='word_1_13' title='bbox 386 877 443 939; x_wconf 90' lang='lat' dir='ltr'>pre</span> <span class='ocrx_word' id='word_1_14' title='bbox 459 869 511 918; x_wconf 89' lang='lat' dir='ltr'>ato</span> <span class='ocrx_word' id='word_1_15' title='bbox 536 855 679 936; x_wconf 85' lang='lat' dir='ltr'>Georgio</span> <span class='ocrx_word' id='word_1_16' title='bbox 703 853 914 937; x_wconf 80' lang='lat' dir='ltr'>Vythlrowicz</span> <span class='ocrx_word' id='word_1_17' title='bbox 937 872 995 936; x_wconf 93' lang='lat' dir='ltr'>pro</span> <span class='ocrx_word' id='word_1_18' title='bbox 1021 851 1172 914; x_wconf 87' lang='lat' dir='ltr'>undecim</span> <span class='ocrx_word' id='word_1_19' title='bbox 1196 851 1264 914; x_wconf 93' lang='lat' dir='ltr'>flor.</span> <span class='ocrx_word' id='word_1_20' title='bbox 1290 851 1369 914; x_wconf 87' lang='lat' dir='ltr'>auri.</span> 
     </span>
    </p>
   </div>
   <div class='ocr_carea' id='block_1_3' title="bbox 386 971 1652 1482">
    <p class='ocr_par' dir='ltr' id='par_1_3' title="bbox 386 971 1652 1482">
     <span class='ocr_line' id='line_1_4' title="bbox 493 971 1651 1060; baseline -0.008 -19"><span class='ocrx_word' id='word_1_21' title='bbox 493 980 571 1042; x_wconf 88' lang='lat' dir='ltr'>ltern</span> <span class='ocrx_word' id='word_1_22' title='bbox 596 977 692 1040; x_wconf 88' lang='lat' dir='ltr'>frater</span> <span class='ocrx_word' id='word_1_23' title='bbox 716 979 861 1040; x_wconf 80' lang='lat' dir='ltr'><strong>Thomas</strong></span> <span class='ocrx_word' id='word_1_24' title='bbox 878 978 965 1060; x_wconf 93' lang='lat' dir='ltr'>prior</span> <span class='ocrx_word' id='word_1_25' title='bbox 990 977 1176 1038; x_wconf 88' lang='lat' dir='ltr'>monasterii</span> <span class='ocrx_word' id='word_1_26' title='bbox 1192 977 1292 1037; x_wconf 90' lang='lat' dir='ltr'>sancti</span> <span class='ocrx_word' id='word_1_27' title='bbox 1310 974 1434 1036; x_wconf 89' lang='lat' dir='ltr'>Nicolai</span> <span class='ocrx_word' id='word_1_28' title='bbox 1459 971 1651 1034; x_wconf 85' lang='lat' dir='ltr'>auctoritate</span> 
     </span>
     <span class='ocr_line' id='line_1_5' title="bbox 387 1077 1646 1168; baseline -0.008 -20"><span class='ocrx_word' id='word_1_29' title='bbox 387 1086 544 1168; x_wconf 84' lang='lat' dir='ltr'>legittima</span> <span class='ocrx_word' id='word_1_30' title='bbox 568 1085 629 1146; x_wconf 86' lang='lat' dir='ltr'>sibi</span> <span class='ocrx_word' id='word_1_31' title='bbox 653 1105 710 1166; x_wconf 93' lang='lat' dir='ltr'>per</span> <span class='ocrx_word' id='word_1_32' title='bbox 734 1084 871 1146; x_wconf 90' lang='lat' dir='ltr'>condam</span> <span class='ocrx_word' id='word_1_33' title='bbox 897 1083 1062 1144; x_wconf 88' lang='lat' dir='ltr'>dominam</span> <span class='ocrx_word' id='word_1_34' title='bbox 1082 1081 1316 1164; x_wconf 86' lang='lat' dir='ltr'>Margaretham</span> <span class='ocrx_word' id='word_1_35' title='bbox 1341 1081 1484 1143; x_wconf 88' lang='lat' dir='ltr'>relictam</span> <span class='ocrx_word' id='word_1_36' title='bbox 1508 1077 1646 1140; x_wconf 89' lang='lat' dir='ltr'>condam</span> 
     </span>
     <span class='ocr_line' id='line_1_6' title="bbox 386 1189 1652 1274; baseline -0.008 -20"><span class='ocrx_word' id='word_1_37' title='bbox 386 1193 472 1254; x_wconf 90' lang='lat' dir='ltr'>Luce</span> <span class='ocrx_word' id='word_1_38' title='bbox 497 1191 607 1273; x_wconf 91' lang='lat' dir='ltr'>valpot</span> <span class='ocrx_word' id='word_1_39' title='bbox 638 1190 678 1251; x_wconf 92' lang='lat' dir='ltr'>de</span> <span class='ocrx_word' id='word_1_40' title='bbox 710 1191 838 1274; x_wconf 87' lang='lat' dir='ltr'>Kywar,</span> <span class='ocrx_word' id='word_1_41' title='bbox 871 1189 1017 1251; x_wconf 91' lang='lat' dir='ltr'>vendidit</span> <span class='ocrx_word' id='word_1_42' title='bbox 1051 1189 1185 1251; x_wconf 89' lang='lat' dir='ltr'>domum</span> <span class='ocrx_word' id='word_1_43' title='bbox 1218 1200 1375 1250; x_wconf 89' lang='lat' dir='ltr'>muratam</span> <span class='ocrx_word' id='word_1_44' title='bbox 1408 1205 1481 1247; x_wconf 90' lang='lat' dir='ltr'>cum</span> <span class='ocrx_word' id='word_1_45' title='bbox 1514 1198 1652 1246; x_wconf 82' lang='lat' dir='ltr'>terrast</span> 
     </span>
     <span class='ocr_line' id='line_1_7' title="bbox 387 1292 1649 1378; baseline -0.006 -20"><span class='ocrx_word' id='word_1_46' title='bbox 387 1296 488 1359; x_wconf 87' lang='lat' dir='ltr'>fundo</span> <span class='ocrx_word' id='word_1_47' title='bbox 513 1297 695 1358; x_wconf 90' lang='lat' dir='ltr'>incivitate</span> <span class='ocrx_word' id='word_1_48' title='bbox 728 1296 870 1378; x_wconf 89' lang='lat' dir='ltr'>predicta</span> <span class='ocrx_word' id='word_1_49' title='bbox 904 1297 986 1356; x_wconf 91' lang='lat' dir='ltr'>inter</span> <span class='ocrx_word' id='word_1_50' title='bbox 1019 1294 1152 1356; x_wconf 91' lang='lat' dir='ltr'>domurn</span> <span class='ocrx_word' id='word_1_51' title='bbox 1186 1294 1256 1355; x_wconf 88' lang='lat' dir='ltr'>Elie</span> <span class='ocrx_word' id='word_1_52' title='bbox 1281 1292 1398 1354; x_wconf 84' lang='lat' dir='ltr'>lusoris</span> <span class='ocrx_word' id='word_1_53' title='bbox 1422 1309 1649 1373; x_wconf 89' lang='lat' dir='ltr'>campanarum</span> 
     </span>
     <span class='ocr_line' id='line_1_8' title="bbox 388 1397 1651 1482; baseline -0.006 -16"><span class='ocrx_word' id='word_1_54' title='bbox 388 1417 419 1466; x_wconf 88' lang='lat' dir='ltr'>et</span> <span class='ocrx_word' id='word_1_55' title='bbox 443 1403 567 1465; x_wconf 91' lang='lat' dir='ltr'>Nicolai</span> <span class='ocrx_word' id='word_1_56' title='bbox 594 1403 784 1464; x_wconf 87' lang='lat' dir='ltr'>lwanowicz</span> <span class='ocrx_word' id='word_1_57' title='bbox 808 1403 848 1463; x_wconf 89' lang='lat' dir='ltr'>ab</span> <span class='ocrx_word' id='word_1_58' title='bbox 873 1402 970 1464; x_wconf 89' lang='lat' dir='ltr'>altera</span> <span class='ocrx_word' id='word_1_59' title='bbox 999 1413 1099 1482; x_wconf 87' lang='lat' dir='ltr'>parte,</span> <span class='ocrx_word' id='word_1_60' title='bbox 1124 1421 1182 1482; x_wconf 95' lang='lat' dir='ltr'>pro</span> <span class='ocrx_word' id='word_1_61' title='bbox 1215 1399 1397 1462; x_wconf 84' lang='lat' dir='ltr'>octodecim</span> <span class='ocrx_word' id='word_1_62' title='bbox 1422 1398 1491 1462; x_wconf 87' lang='lat' dir='ltr'>flor.</span> <span class='ocrx_word' id='word_1_63' title='bbox 1516 1397 1651 1480; x_wconf 93' lang='lat' dir='ltr'>provido</span> 
     </span>
    </p>
   </div>
   <div class='ocr_carea' id='block_1_4' title="bbox 390 1506 943 1590">
    <p class='ocr_par' dir='ltr' id='par_1_4' title="bbox 390 1506 943 1590">
     <span class='ocr_line' id='line_1_9' title="bbox 390 1506 943 1590; baseline -0.002 -20"><span class='ocrx_word' id='word_1_64' title='bbox 390 1510 511 1571; x_wconf 91' lang='lat' dir='ltr'>Jacobo</span> <span class='ocrx_word' id='word_1_65' title='bbox 535 1507 603 1570; x_wconf 90' lang='lat' dir='ltr'>filio</span> <span class='ocrx_word' id='word_1_66' title='bbox 629 1509 743 1570; x_wconf 89' lang='lat' dir='ltr'>Wltici</span> <span class='ocrx_word' id='word_1_67' title='bbox 768 1508 807 1569; x_wconf 96' lang='lat' dir='ltr'>de</span> <span class='ocrx_word' id='word_1_68' title='bbox 833 1506 943 1590; x_wconf 90' lang='lat' dir='ltr'>Flych.</span> 
     </span>
    </p>
   </div>
   <div class='ocr_carea' id='block_1_5' title="bbox 384 1629 1652 2456">
    <p class='ocr_par' dir='ltr' id='par_1_5' title="bbox 384 1629 1652 2456">
     <span class='ocr_line' id='line_1_10' title="bbox 492 1629 1652 1715; baseline -0.005 -21"><span class='ocrx_word' id='word_1_69' title='bbox 492 1633 570 1695; x_wconf 89' lang='lat' dir='ltr'>ltem</span> <span class='ocrx_word' id='word_1_70' title='bbox 595 1633 741 1715; x_wconf 78' lang='lat' dir='ltr'>Filippus</span> <span class='ocrx_word' id='word_1_71' title='bbox 766 1631 882 1693; x_wconf 88' lang='lat' dir='ltr'>Dwdin</span> <span class='ocrx_word' id='word_1_72' title='bbox 908 1630 1011 1692; x_wconf 88' lang='lat' dir='ltr'>dictus</span> <span class='ocrx_word' id='word_1_73' title='bbox 1034 1631 1142 1692; x_wconf 92' lang='lat' dir='ltr'>senior</span> <span class='ocrx_word' id='word_1_74' title='bbox 1179 1631 1300 1710; x_wconf 89' lang='lat' dir='ltr'>juratus</span> <span class='ocrx_word' id='word_1_75' title='bbox 1324 1643 1355 1692; x_wconf 91' lang='lat' dir='ltr'>et</span> <span class='ocrx_word' id='word_1_76' title='bbox 1378 1629 1520 1691; x_wconf 88' lang='lat' dir='ltr'>concivis</span> <span class='ocrx_word' id='word_1_77' title='bbox 1544 1641 1652 1689; x_wconf 93' lang='lat' dir='ltr'>noster</span> 
     </span>
     <span class='ocr_line' id='line_1_11' title="bbox 386 1733 1650 1818; baseline -0.005 -16"><span class='ocrx_word' id='word_1_78' title='bbox 386 1739 532 1802; x_wconf 90' lang='lat' dir='ltr'>vendidit</span> <span class='ocrx_word' id='word_1_79' title='bbox 556 1738 730 1800; x_wconf 88' lang='lat' dir='ltr'>Dominico</span> <span class='ocrx_word' id='word_1_80' title='bbox 755 1736 823 1799; x_wconf 91' lang='lat' dir='ltr'>filio</span> <span class='ocrx_word' id='word_1_81' title='bbox 840 1737 977 1798; x_wconf 90' lang='lat' dir='ltr'>condam</span> <span class='ocrx_word' id='word_1_82' title='bbox 1002 1736 1164 1797; x_wconf 90' lang='lat' dir='ltr'>Valentini</span> <span class='ocrx_word' id='word_1_83' title='bbox 1189 1736 1342 1798; x_wconf 88' lang='lat' dir='ltr'>Saronicz</span> <span class='ocrx_word' id='word_1_84' title='bbox 1366 1755 1424 1818; x_wconf 93' lang='lat' dir='ltr'>pro</span> <span class='ocrx_word' id='word_1_85' title='bbox 1450 1735 1562 1796; x_wconf 89' lang='lat' dir='ltr'>decem</span> <span class='ocrx_word' id='word_1_86' title='bbox 1580 1733 1650 1796; x_wconf 92' lang='lat' dir='ltr'>flor.</span> 
     </span>
     <span class='ocr_line' id='line_1_12' title="bbox 385 1843 1649 1928; baseline -0.006 -19"><span class='ocrx_word' id='word_1_87' title='bbox 385 1847 453 1909; x_wconf 89' lang='lat' dir='ltr'>auri</span> <span class='ocrx_word' id='word_1_88' title='bbox 477 1845 650 1928; x_wconf 83' lang='lat' dir='ltr'>quemdam</span> <span class='ocrx_word' id='word_1_89' title='bbox 677 1843 833 1928; x_wconf 72' lang='lat' dir='ltr'>(hlortum</span> <span class='ocrx_word' id='word_1_90' title='bbox 858 1863 930 1906; x_wconf 90' lang='lat' dir='ltr'>cum</span> <span class='ocrx_word' id='word_1_91' title='bbox 956 1843 1096 1925; x_wconf 89' lang='lat' dir='ltr'>quadam</span> <span class='ocrx_word' id='word_1_92' title='bbox 1114 1843 1269 1926; x_wconf 88' lang='lat' dir='ltr'>particula</span> <span class='ocrx_word' id='word_1_93' title='bbox 1294 1843 1386 1904; x_wconf 90' lang='lat' dir='ltr'>vinee</span> <span class='ocrx_word' id='word_1_94' title='bbox 1411 1856 1497 1904; x_wconf 86' lang='lat' dir='ltr'>extra</span> <span class='ocrx_word' id='word_1_95' title='bbox 1522 1860 1649 1902; x_wconf 90' lang='lat' dir='ltr'>murum</span> 
     </span>
     <span class='ocr_line' id='line_1_13' title="bbox 386 1948 1647 2035; baseline -0.006 -20"><span class='ocrx_word' id='word_1_96' title='bbox 386 1954 522 2016; x_wconf 88' lang='lat' dir='ltr'>civitatis</span> <span class='ocrx_word' id='word_1_97' title='bbox 546 1972 645 2035; x_wconf 92' lang='lat' dir='ltr'>prope</span> <span class='ocrx_word' id='word_1_98' title='bbox 671 1965 794 2034; x_wconf 87' lang='lat' dir='ltr'>portam</span> <span class='ocrx_word' id='word_1_99' title='bbox 821 1950 1006 2012; x_wconf 88' lang='lat' dir='ltr'>carnificum</span> <span class='ocrx_word' id='word_1_100' title='bbox 1039 1970 1137 2032; x_wconf 90' lang='lat' dir='ltr'>penes</span> <span class='ocrx_word' id='word_1_101' title='bbox 1160 1949 1315 2030; x_wconf 82' lang='lat' dir='ltr'>(h)ortum</span> <span class='ocrx_word' id='word_1_102' title='bbox 1345 1948 1458 2031; x_wconf 82' lang='lat' dir='ltr'>prefati</span> <span class='ocrx_word' id='word_1_103' title='bbox 1485 1949 1647 2009; x_wconf 89' lang='lat' dir='ltr'>Dominici</span> 
     </span>
     <span class='ocr_line' id='line_1_14' title="bbox 384 2055 1644 2141; baseline -0.006 -20"><span class='ocrx_word' id='word_1_104' title='bbox 384 2081 401 2121; x_wconf 93' lang='lat' dir='ltr'>a</span> <span class='ocrx_word' id='word_1_105' title='bbox 425 2059 679 2141; x_wconf 88' lang='lat' dir='ltr'>septemtrionali</span> <span class='ocrx_word' id='word_1_106' title='bbox 703 2071 734 2120; x_wconf 92' lang='lat' dir='ltr'>et</span> <span class='ocrx_word' id='word_1_107' title='bbox 757 2057 910 2139; x_wconf 87' lang='lat' dir='ltr'>(h)ortum</span> <span class='ocrx_word' id='word_1_108' title='bbox 938 2057 1033 2118; x_wconf 80' lang='lat' dir='ltr'>Blasii</span> <span class='ocrx_word' id='word_1_109' title='bbox 1058 2057 1222 2118; x_wconf 87' lang='lat' dir='ltr'>Zteniczki</span> <span class='ocrx_word' id='word_1_110' title='bbox 1248 2077 1263 2117; x_wconf 92' lang='lat' dir='ltr'>a</span> <span class='ocrx_word' id='word_1_111' title='bbox 1289 2055 1478 2134; x_wconf 83' lang='lat' dir='ltr'>meridione,</span> <span class='ocrx_word' id='word_1_112' title='bbox 1503 2068 1533 2116; x_wconf 92' lang='lat' dir='ltr'>et</span> <span class='ocrx_word' id='word_1_113' title='bbox 1562 2055 1644 2115; x_wconf 90' lang='lat' dir='ltr'>inter</span> 
     </span>
     <span class='ocr_line' id='line_1_15' title="bbox 387 2162 1645 2244; baseline -0.002 -19"><span class='ocrx_word' id='word_1_114' title='bbox 387 2166 515 2227; x_wconf 87' lang='lat' dir='ltr'>vineam</span> <span class='ocrx_word' id='word_1_115' title='bbox 541 2165 696 2226; x_wconf 84' lang='lat' dir='ltr'>Anthonii</span> <span class='ocrx_word' id='word_1_116' title='bbox 722 2165 761 2224; x_wconf 92' lang='lat' dir='ltr'>de</span> <span class='ocrx_word' id='word_1_117' title='bbox 787 2163 932 2224; x_wconf 89' lang='lat' dir='ltr'>Klokocz</span> <span class='ocrx_word' id='word_1_118' title='bbox 957 2162 1116 2244; x_wconf 85' lang='lat' dir='ltr'>(senioris)</span> <span class='ocrx_word' id='word_1_119' title='bbox 1140 2162 1255 2244; x_wconf 87' lang='lat' dir='ltr'>judicis</span> <span class='ocrx_word' id='word_1_120' title='bbox 1279 2162 1390 2239; x_wconf 86' lang='lat' dir='ltr'>nostri,</span> <span class='ocrx_word' id='word_1_121' title='bbox 1415 2164 1454 2223; x_wconf 91' lang='lat' dir='ltr'>ab</span> <span class='ocrx_word' id='word_1_122' title='bbox 1479 2162 1645 2224; x_wconf 89' lang='lat' dir='ltr'>occidente</span> 
     </span>
     <span class='ocr_line' id='line_1_16' title="bbox 388 2268 1649 2353; baseline -0.003 -20"><span class='ocrx_word' id='word_1_123' title='bbox 388 2273 582 2353; x_wconf 60' lang='lat' dir='ltr'>etpsimiliter</span> <span class='ocrx_word' id='word_1_124' title='bbox 606 2292 623 2332; x_wconf 88' lang='lat' dir='ltr'>a</span> <span class='ocrx_word' id='word_1_125' title='bbox 639 2271 868 2353; x_wconf 89' lang='lat' dir='ltr'>septemtrione</span> <span class='ocrx_word' id='word_1_126' title='bbox 885 2289 983 2352; x_wconf 91' lang='lat' dir='ltr'>penes</span> <span class='ocrx_word' id='word_1_127' title='bbox 1000 2268 1154 2350; x_wconf 66' lang='lat' dir='ltr'>(mortum</span> <span class='ocrx_word' id='word_1_128' title='bbox 1172 2283 1202 2330; x_wconf 92' lang='lat' dir='ltr'>et</span> <span class='ocrx_word' id='word_1_129' title='bbox 1219 2269 1346 2330; x_wconf 90' lang='lat' dir='ltr'>vineam</span> <span class='ocrx_word' id='word_1_130' title='bbox 1372 2269 1549 2331; x_wconf 88' lang='lat' dir='ltr'>liberorum</span> <span class='ocrx_word' id='word_1_131' title='bbox 1573 2288 1649 2329; x_wconf 90' lang='lat' dir='ltr'>con·</span> 
     </span>
     <span class='ocr_line' id='line_1_17' title="bbox 386 2375 946 2456; baseline -0.004 -18"><span class='ocrx_word' id='word_1_132' title='bbox 386 2379 458 2439; x_wconf 89' lang='lat' dir='ltr'>dam</span> <span class='ocrx_word' id='word_1_133' title='bbox 484 2377 647 2439; x_wconf 91' lang='lat' dir='ltr'>Valentini</span> <span class='ocrx_word' id='word_1_134' title='bbox 674 2378 835 2456; x_wconf 85' lang='lat' dir='ltr'>Pangracz</span> <span class='ocrx_word' id='word_1_135' title='bbox 860 2375 946 2436; x_wconf 90' lang='lat' dir='ltr'>dicti.</span> 
     </span>
    </p>
   </div>
   <div class='ocr_carea' id='block_1_6' title="bbox 386 2498 1652 3114">
    <p class='ocr_par' dir='ltr' id='par_1_6' title="bbox 386 2498 1652 3114">
     <span class='ocr_line' id='line_1_18' title="bbox 491 2498 1652 2582; baseline -0.004 -19"><span class='ocrx_word' id='word_1_136' title='bbox 491 2502 566 2564; x_wconf 90' lang='lat' dir='ltr'>Item</span> <span class='ocrx_word' id='word_1_137' title='bbox 586 2502 722 2564; x_wconf 90' lang='lat' dir='ltr'>Michael</span> <span class='ocrx_word' id='word_1_138' title='bbox 746 2515 834 2562; x_wconf 91' lang='lat' dir='ltr'>sutor</span> <span class='ocrx_word' id='word_1_139' title='bbox 850 2500 935 2562; x_wconf 86' lang='lat' dir='ltr'>lilius</span> <span class='ocrx_word' id='word_1_140' title='bbox 953 2500 1059 2580; x_wconf 89' lang='lat' dir='ltr'>Egidii</span> <span class='ocrx_word' id='word_1_141' title='bbox 1077 2498 1116 2560; x_wconf 92' lang='lat' dir='ltr'>de</span> <span class='ocrx_word' id='word_1_142' title='bbox 1135 2501 1299 2582; x_wconf 87' lang='lat' dir='ltr'>Pisanyce‚</span> <span class='ocrx_word' id='word_1_143' title='bbox 1323 2499 1465 2560; x_wconf 89' lang='lat' dir='ltr'>concivis</span> <span class='ocrx_word' id='word_1_144' title='bbox 1482 2512 1588 2560; x_wconf 89' lang='lat' dir='ltr'>noster</span> <span class='ocrx_word' id='word_1_145' title='bbox 1621 2513 1652 2558; x_wconf 90' lang='lat' dir='ltr'>et</span> 
     </span>
     <span class='ocr_line' id='line_1_19' title="bbox 390 2605 1648 2686; baseline -0.004 -16"><span class='ocrx_word' id='word_1_146' title='bbox 390 2609 504 2670; x_wconf 92' lang='lat' dir='ltr'>Vrsula</span> <span class='ocrx_word' id='word_1_147' title='bbox 529 2628 660 2670; x_wconf 90' lang='lat' dir='ltr'>consors</span> <span class='ocrx_word' id='word_1_148' title='bbox 683 2628 738 2668; x_wconf 89' lang='lat' dir='ltr'>sua</span> <span class='ocrx_word' id='word_1_149' title='bbox 763 2606 828 2668; x_wconf 87' lang='lat' dir='ltr'>filia</span> <span class='ocrx_word' id='word_1_150' title='bbox 860 2606 998 2668; x_wconf 88' lang='lat' dir='ltr'>condam</span> <span class='ocrx_word' id='word_1_151' title='bbox 1032 2606 1117 2667; x_wconf 90' lang='lat' dir='ltr'>Luce</span> <span class='ocrx_word' id='word_1_152' title='bbox 1149 2607 1265 2666; x_wconf 89' lang='lat' dir='ltr'>sutoris</span> <span class='ocrx_word' id='word_1_153' title='bbox 1296 2606 1374 2667; x_wconf 88' lang='lat' dir='ltr'>olim</span> <span class='ocrx_word' id='word_1_154' title='bbox 1398 2605 1492 2686; x_wconf 87' lang='lat' dir='ltr'>jurati</span> <span class='ocrx_word' id='word_1_155' title='bbox 1517 2617 1548 2666; x_wconf 92' lang='lat' dir='ltr'>et</span> <span class='ocrx_word' id='word_1_156' title='bbox 1571 2624 1648 2665; x_wconf 87' lang='lat' dir='ltr'>con-</span> 
     </span>
     <span class='ocr_line' id='line_1_20' title="bbox 388 2711 1647 2795; baseline -0.002 -20"><span class='ocrx_word' id='word_1_157' title='bbox 388 2715 467 2776; x_wconf 90' lang='lat' dir='ltr'>civis</span> <span class='ocrx_word' id='word_1_158' title='bbox 492 2715 602 2776; x_wconf 89' lang='lat' dir='ltr'>nostri.</span> <span class='ocrx_word' id='word_1_159' title='bbox 626 2749 670 2758; x_wconf 91' lang='lat'>-</span> <span class='ocrx_word' id='word_1_160' title='bbox 703 2714 779 2774; x_wconf 89' lang='lat' dir='ltr'>Item</span> <span class='ocrx_word' id='word_1_161' title='bbox 812 2713 964 2774; x_wconf 89' lang='lat' dir='ltr'>Nicolaus</span> <span class='ocrx_word' id='word_1_162' title='bbox 996 2711 1079 2773; x_wconf 88' lang='lat' dir='ltr'>filius</span> <span class='ocrx_word' id='word_1_163' title='bbox 1111 2712 1240 2774; x_wconf 89' lang='lat' dir='ltr'>Thome</span> <span class='ocrx_word' id='word_1_164' title='bbox 1273 2714 1474 2795; x_wconf 91' lang='lat' dir='ltr'>propinquus</span> <span class='ocrx_word' id='word_1_165' title='bbox 1510 2711 1647 2773; x_wconf 91' lang='lat' dir='ltr'>condam</span> 
     </span>
     <span class='ocr_line' id='line_1_21' title="bbox 386 2817 1651 2900; baseline -0.002 -18"><span class='ocrx_word' id='word_1_166' title='bbox 386 2821 509 2882; x_wconf 91' lang='lat' dir='ltr'>Vitesin</span> <span class='ocrx_word' id='word_1_167' title='bbox 532 2835 563 2882; x_wconf 90' lang='lat' dir='ltr'>et</span> <span class='ocrx_word' id='word_1_168' title='bbox 588 2821 720 2881; x_wconf 88' lang='lat' dir='ltr'>Jalsicza</span> <span class='ocrx_word' id='word_1_169' title='bbox 748 2839 878 2881; x_wconf 91' lang='lat' dir='ltr'>consors</span> <span class='ocrx_word' id='word_1_170' title='bbox 902 2839 958 2880; x_wconf 87' lang='lat' dir='ltr'>sua</span> <span class='ocrx_word' id='word_1_171' title='bbox 983 2817 1048 2878; x_wconf 87' lang='lat' dir='ltr'>filia</span> <span class='ocrx_word' id='word_1_172' title='bbox 1072 2819 1219 2879; x_wconf 88' lang='lat' dir='ltr'>similiter</span> <span class='ocrx_word' id='word_1_173' title='bbox 1243 2817 1356 2900; x_wconf 86' lang='lat' dir='ltr'>prelati</span> <span class='ocrx_word' id='word_1_174' title='bbox 1382 2819 1467 2879; x_wconf 88' lang='lat' dir='ltr'>Luce</span> <span class='ocrx_word' id='word_1_175' title='bbox 1492 2818 1651 2880; x_wconf 84' lang='lat' dir='ltr'>vendide-</span> 
     </span>
     <span class='ocr_line' id='line_1_22' title="bbox 386 2924 1648 3009; baseline -0.001 -21"><span class='ocrx_word' id='word_1_176' title='bbox 386 2942 460 2989; x_wconf 94' lang='lat' dir='ltr'>runt</span> <span class='ocrx_word' id='word_1_177' title='bbox 484 2927 638 3009; x_wconf 87' lang='lat' dir='ltr'>(vineam)</span> <span class='ocrx_word' id='word_1_178' title='bbox 664 2926 807 3008; x_wconf 85' lang='lat' dir='ltr'>Georgio</span> <span class='ocrx_word' id='word_1_179' title='bbox 832 2945 986 3008; x_wconf 91' lang='lat' dir='ltr'>arcuparo</span> <span class='ocrx_word' id='word_1_180' title='bbox 1011 2924 1078 2986; x_wconf 87' lang='lat' dir='ltr'>lilio</span> <span class='ocrx_word' id='word_1_181' title='bbox 1104 2925 1291 3003; x_wconf 87' lang='lat' dir='ltr'>Clementis,</span> <span class='ocrx_word' id='word_1_182' title='bbox 1323 2924 1427 3004; x_wconf 88' lang='lat' dir='ltr'>jurato</span> <span class='ocrx_word' id='word_1_183' title='bbox 1460 2940 1492 2987; x_wconf 90' lang='lat' dir='ltr'>et</span> <span class='ocrx_word' id='word_1_184' title='bbox 1523 2927 1648 2987; x_wconf 91' lang='lat' dir='ltr'>concivi</span> 
     </span>
     <span class='ocr_line' id='line_1_23' title="bbox 387 3031 1496 3114; baseline -0.001 -20"><span class='ocrx_word' id='word_1_185' title='bbox 387 3048 507 3112; x_wconf 90' lang='lat' dir='ltr'>nostro,</span> <span class='ocrx_word' id='word_1_186' title='bbox 531 3033 626 3094; x_wconf 90' lang='lat' dir='ltr'>simul</span> <span class='ocrx_word' id='word_1_187' title='bbox 652 3052 723 3094; x_wconf 90' lang='lat' dir='ltr'>curn</span> <span class='ocrx_word' id='word_1_188' title='bbox 748 3033 888 3112; x_wconf 83' lang='lat' dir='ltr'>virgulto</span> <span class='ocrx_word' id='word_1_189' title='bbox 912 3032 972 3092; x_wconf 92' lang='lat' dir='ltr'>sibi</span> <span class='ocrx_word' id='word_1_190' title='bbox 996 3032 1173 3093; x_wconf 89' lang='lat' dir='ltr'>subiacenti</span> <span class='ocrx_word' id='word_1_191' title='bbox 1197 3051 1256 3114; x_wconf 92' lang='lat' dir='ltr'>pro</span> <span class='ocrx_word' id='word_1_192' title='bbox 1279 3046 1401 3114; x_wconf 87' lang='lat' dir='ltr'>septem</span> <span class='ocrx_word' id='word_1_193' title='bbox 1426 3031 1496 3093; x_wconf 88' lang='lat' dir='ltr'>flor.</span> 
     </span>
    </p>
   </div>
   <div class='ocr_carea' id='block_1_7' title="bbox 383 3157 1651 3752">
    <p class='ocr_par' dir='ltr' id='par_1_7' title="bbox 383 3157 1651 3752">
     <span class='ocr_line' id='line_1_24' title="bbox 492 3157 1648 3238; baseline -0.001 -19"><span class='ocrx_word' id='word_1_194' title='bbox 492 3158 570 3219; x_wconf 88' lang='lat' dir='ltr'>ltem</span> <span class='ocrx_word' id='word_1_195' title='bbox 595 3158 747 3218; x_wconf 89' lang='lat' dir='ltr'>dominus</span> <span class='ocrx_word' id='word_1_196' title='bbox 772 3157 955 3217; x_wconf 89' lang='lat' dir='ltr'>Demetrius</span> <span class='ocrx_word' id='word_1_197' title='bbox 972 3157 1202 3238; x_wconf 88' lang='lat' dir='ltr'>prebendarius</span> <span class='ocrx_word' id='word_1_198' title='bbox 1227 3157 1258 3217; x_wconf 91' lang='lat' dir='ltr'>in</span> <span class='ocrx_word' id='word_1_199' title='bbox 1273 3157 1407 3218; x_wconf 91' lang='lat' dir='ltr'>ecclesia</span> <span class='ocrx_word' id='word_1_200' title='bbox 1431 3157 1531 3218; x_wconf 91' lang='lat' dir='ltr'>sancti</span> <span class='ocrx_word' id='word_1_201' title='bbox 1550 3158 1648 3218; x_wconf 86' lang='lat' dir='ltr'>Marci</span> 
     </span>
     <span class='ocr_line' id='line_1_25' title="bbox 386 3263 1651 3346; baseline -0.002 -20"><span class='ocrx_word' id='word_1_202' title='bbox 386 3280 417 3326; x_wconf 92' lang='lat' dir='ltr'>et</span> <span class='ocrx_word' id='word_1_203' title='bbox 443 3264 556 3326; x_wconf 87' lang='lat' dir='ltr'>Gallus</span> <span class='ocrx_word' id='word_1_204' title='bbox 581 3263 737 3326; x_wconf 90' lang='lat' dir='ltr'>Kodelicz</span> <span class='ocrx_word' id='word_1_205' title='bbox 761 3276 946 3324; x_wconf 84' lang='lat' dir='ltr'>executores</span> <span class='ocrx_word' id='word_1_206' title='bbox 970 3263 1151 3325; x_wconf 85' lang='lat' dir='ltr'>testamenti</span> <span class='ocrx_word' id='word_1_207' title='bbox 1180 3263 1317 3324; x_wconf 88' lang='lat' dir='ltr'>condam</span> <span class='ocrx_word' id='word_1_208' title='bbox 1344 3263 1464 3324; x_wconf 87' lang='lat' dir='ltr'>Mathis</span> <span class='ocrx_word' id='word_1_209' title='bbox 1488 3264 1651 3346; x_wconf 88' lang='lat' dir='ltr'>arcuparis</span> 
     </span>
     <span class='ocr_line' id='line_1_26' title="bbox 384 3368 1650 3450; baseline -0.001 -19"><span class='ocrx_word' id='word_1_210' title='bbox 384 3370 602 3431; x_wconf 91' lang='lat' dir='ltr'>vendiderunt</span> <span class='ocrx_word' id='word_1_211' title='bbox 627 3369 759 3432; x_wconf 86' lang='lat' dir='ltr'>domurn</span> <span class='ocrx_word' id='word_1_212' title='bbox 785 3369 851 3429; x_wconf 91' lang='lat' dir='ltr'>sive</span> <span class='ocrx_word' id='word_1_213' title='bbox 877 3369 971 3430; x_wconf 89' lang='lat' dir='ltr'>civile</span> <span class='ocrx_word' id='word_1_214' title='bbox 992 3368 1136 3430; x_wconf 86' lang='lat' dir='ltr'>eiusdem</span> <span class='ocrx_word' id='word_1_215' title='bbox 1155 3369 1273 3430; x_wconf 90' lang='lat' dir='ltr'>Mathie</span> <span class='ocrx_word' id='word_1_216' title='bbox 1299 3389 1397 3450; x_wconf 92' lang='lat' dir='ltr'>penes</span> <span class='ocrx_word' id='word_1_217' title='bbox 1422 3369 1558 3430; x_wconf 90' lang='lat' dir='ltr'>domurn</span> <span class='ocrx_word' id='word_1_218' title='bbox 1575 3389 1650 3430; x_wconf 91' lang='lat' dir='ltr'>con·</span> 
     </span>
     <span class='ocr_line' id='line_1_27' title="bbox 385 3474 1647 3556; baseline 0 -19"><span class='ocrx_word' id='word_1_219' title='bbox 385 3478 459 3538; x_wconf 86' lang='lat' dir='ltr'>dam</span> <span class='ocrx_word' id='word_1_220' title='bbox 485 3477 613 3538; x_wconf 90' lang='lat' dir='ltr'>Thome</span> <span class='ocrx_word' id='word_1_221' title='bbox 639 3474 818 3554; x_wconf 79' lang='lat' dir='ltr'>frenatoris,</span> <span class='ocrx_word' id='word_1_222' title='bbox 842 3495 859 3536; x_wconf 91' lang='lat' dir='ltr'>a</span> <span class='ocrx_word' id='word_1_223' title='bbox 885 3475 1030 3554; x_wconf 90' lang='lat' dir='ltr'>meridie,</span> <span class='ocrx_word' id='word_1_224' title='bbox 1062 3489 1093 3536; x_wconf 91' lang='lat' dir='ltr'>et</span> <span class='ocrx_word' id='word_1_225' title='bbox 1117 3494 1214 3556; x_wconf 90' lang='lat' dir='ltr'>penes</span> <span class='ocrx_word' id='word_1_226' title='bbox 1246 3476 1379 3538; x_wconf 88' lang='lat' dir='ltr'>domum</span> <span class='ocrx_word' id='word_1_227' title='bbox 1406 3476 1647 3537; x_wconf 84' lang='lat' dir='ltr'>communitatis</span> 
     </span>
     <span class='ocr_line' id='line_1_28' title="bbox 383 3580 1645 3665; baseline 0 -21"><span class='ocrx_word' id='word_1_228' title='bbox 383 3583 544 3665; x_wconf 89' lang='lat' dir='ltr'>judicialis</span> <span class='ocrx_word' id='word_1_229' title='bbox 568 3583 704 3664; x_wconf 90' lang='lat' dir='ltr'>provido</span> <span class='ocrx_word' id='word_1_230' title='bbox 730 3580 873 3662; x_wconf 83' lang='lat' dir='ltr'>Georgio</span> <span class='ocrx_word' id='word_1_231' title='bbox 905 3581 972 3644; x_wconf 89' lang='lat' dir='ltr'>filio</span> <span class='ocrx_word' id='word_1_232' title='bbox 998 3582 1176 3644; x_wconf 89' lang='lat' dir='ltr'>Clementis</span> <span class='ocrx_word' id='word_1_233' title='bbox 1207 3581 1369 3664; x_wconf 90' lang='lat' dir='ltr'>arcuparis</span> <span class='ocrx_word' id='word_1_234' title='bbox 1401 3601 1459 3663; x_wconf 94' lang='lat' dir='ltr'>pro</span> <span class='ocrx_word' id='word_1_235' title='bbox 1493 3597 1645 3664; x_wconf 90' lang='lat' dir='ltr'>quatuor·</span> 
     </span>
     <span class='ocr_line' id='line_1_29' title="bbox 388 3688 589 3752; baseline 0.01 -2"><span class='ocrx_word' id='word_1_236' title='bbox 388 3688 491 3751; x_wconf 92' lang='lat' dir='ltr'>decim</span> <span class='ocrx_word' id='word_1_237' title='bbox 520 3689 589 3752; x_wconf 90' lang='lat' dir='ltr'>flor.</span> 
     </span>
    </p>
   </div>
   <div class='ocr_carea' id='block_1_8' title="bbox 383 3813 1648 4322">
    <p class='ocr_par' dir='ltr' id='par_1_8' title="bbox 383 3813 1648 4322">
     <span class='ocr_line' id='line_1_30' title="bbox 491 3813 1643 3875; baseline 0 -1"><span class='ocrx_word' id='word_1_238' title='bbox 491 3813 568 3874; x_wconf 89' lang='lat' dir='ltr'>ltem</span> <span class='ocrx_word' id='word_1_239' title='bbox 594 3813 703 3874; x_wconf 87' lang='lat' dir='ltr'>relicta</span> <span class='ocrx_word' id='word_1_240' title='bbox 734 3814 835 3875; x_wconf 87' lang='lat' dir='ltr'>Elena</span> <span class='ocrx_word' id='word_1_241' title='bbox 868 3813 1005 3874; x_wconf 89' lang='lat' dir='ltr'>condam</span> <span class='ocrx_word' id='word_1_242' title='bbox 1038 3813 1201 3874; x_wconf 91' lang='lat' dir='ltr'>Valentini</span> <span class='ocrx_word' id='word_1_243' title='bbox 1233 3814 1351 3874; x_wconf 88' lang='lat' dir='ltr'>sutoris</span> <span class='ocrx_word' id='word_1_244' title='bbox 1382 3813 1541 3875; x_wconf 82' lang='lat' dir='ltr'>erochicz</span> <span class='ocrx_word' id='word_1_245' title='bbox 1565 3813 1643 3875; x_wconf 91' lang='lat' dir='ltr'>dicti</span> 
     </span>
     <span class='ocr_line' id='line_1_31' title="bbox 383 3920 1647 4003; baseline 0 -21"><span class='ocrx_word' id='word_1_246' title='bbox 383 3921 530 3982; x_wconf 93' lang='lat' dir='ltr'>vendidit</span> <span class='ocrx_word' id='word_1_247' title='bbox 555 3921 663 3982; x_wconf 90' lang='lat' dir='ltr'>lwano</span> <span class='ocrx_word' id='word_1_248' title='bbox 687 3920 755 3982; x_wconf 89' lang='lat' dir='ltr'>filio</span> <span class='ocrx_word' id='word_1_249' title='bbox 772 3922 878 3984; x_wconf 91' lang='lat' dir='ltr'>Cerne</span> <span class='ocrx_word' id='word_1_250' title='bbox 897 3921 1099 3982; x_wconf 75' lang='lat' dir='ltr'>Mavvrowicz</span> <span class='ocrx_word' id='word_1_251' title='bbox 1117 3921 1157 3983; x_wconf 93' lang='lat' dir='ltr'>de</span> <span class='ocrx_word' id='word_1_252' title='bbox 1175 3921 1404 4003; x_wconf 89' lang='lat' dir='ltr'>Sublippowcz</span> <span class='ocrx_word' id='word_1_253' title='bbox 1428 3941 1486 4003; x_wconf 92' lang='lat' dir='ltr'>pro</span> <span class='ocrx_word' id='word_1_254' title='bbox 1503 3923 1647 4003; x_wconf 90' lang='lat' dir='ltr'>quinque</span> 
     </span>
     <span class='ocr_line' id='line_1_32' title="bbox 384 4027 1648 4109; baseline 0 -21"><span class='ocrx_word' id='word_1_255' title='bbox 384 4027 454 4090; x_wconf 90' lang='lat' dir='ltr'>flor.</span> <span class='ocrx_word' id='word_1_256' title='bbox 480 4027 642 4109; x_wconf 90' lang='lat' dir='ltr'>quandam</span> <span class='ocrx_word' id='word_1_257' title='bbox 668 4028 794 4088; x_wconf 87' lang='lat' dir='ltr'>vineam</span> <span class='ocrx_word' id='word_1_258' title='bbox 828 4047 918 4088; x_wconf 87' lang='lat' dir='ltr'>suam</span> <span class='ocrx_word' id='word_1_259' title='bbox 944 4027 975 4088; x_wconf 90' lang='lat' dir='ltr'>in</span> <span class='ocrx_word' id='word_1_260' title='bbox 1007 4027 1167 4088; x_wconf 91' lang='lat' dir='ltr'>territorio</span> <span class='ocrx_word' id='word_1_261' title='bbox 1200 4040 1309 4088; x_wconf 92' lang='lat' dir='ltr'>nostro</span> <span class='ocrx_word' id='word_1_262' title='bbox 1344 4027 1526 4088; x_wconf 87' lang='lat' dir='ltr'>Jelenowcz</span> <span class='ocrx_word' id='word_1_263' title='bbox 1550 4046 1648 4107; x_wconf 88' lang='lat' dir='ltr'>penes</span> 
     </span>
     <span class='ocr_line' id='line_1_33' title="bbox 384 4133 1646 4216; baseline 0 -22"><span class='ocrx_word' id='word_1_264' title='bbox 384 4135 510 4194; x_wconf 90' lang='lat' dir='ltr'>vineam</span> <span class='ocrx_word' id='word_1_265' title='bbox 536 4134 693 4195; x_wconf 85' lang='lat' dir='ltr'>desertam</span> <span class='ocrx_word' id='word_1_266' title='bbox 721 4134 886 4196; x_wconf 90' lang='lat' dir='ltr'>Michaelis</span> <span class='ocrx_word' id='word_1_267' title='bbox 904 4133 1035 4195; x_wconf 91' lang='lat' dir='ltr'>Bertuni</span> <span class='ocrx_word' id='word_1_268' title='bbox 1058 4147 1088 4194; x_wconf 90' lang='lat' dir='ltr'>et</span> <span class='ocrx_word' id='word_1_269' title='bbox 1112 4153 1210 4215; x_wconf 87' lang='lat' dir='ltr'>penes</span> <span class='ocrx_word' id='word_1_270' title='bbox 1227 4133 1342 4194; x_wconf 89' lang='lat' dir='ltr'>silvam</span> <span class='ocrx_word' id='word_1_271' title='bbox 1367 4133 1491 4194; x_wconf 89' lang='lat' dir='ltr'>domini</span> <span class='ocrx_word' id='word_1_272' title='bbox 1517 4134 1646 4216; x_wconf 88' lang='lat' dir='ltr'>plebani</span> 
     </span>
     <span class='ocr_line' id='line_1_34' title="bbox 385 4239 1447 4322; baseline 0 -22"><span class='ocrx_word' id='word_1_273' title='bbox 385 4239 424 4300; x_wconf 95' lang='lat' dir='ltr'>de</span> <span class='ocrx_word' id='word_1_274' title='bbox 449 4239 590 4322; x_wconf 87' lang='lat' dir='ltr'>Chycza‚</span> <span class='ocrx_word' id='word_1_275' title='bbox 615 4259 686 4300; x_wconf 89' lang='lat' dir='ltr'>cum</span> <span class='ocrx_word' id='word_1_276' title='bbox 712 4240 852 4318; x_wconf 82' lang='lat' dir='ltr'>virgulto</span> <span class='ocrx_word' id='word_1_277' title='bbox 877 4239 937 4301; x_wconf 93' lang='lat' dir='ltr'>sibi</span> <span class='ocrx_word' id='word_1_278' title='bbox 963 4239 1139 4320; x_wconf 81' lang='lat' dir='ltr'>subjacenti</span> <span class='ocrx_word' id='word_1_279' title='bbox 1169 4258 1270 4320; x_wconf 90' lang='lat' dir='ltr'>usque</span> <span class='ocrx_word' id='word_1_280' title='bbox 1296 4239 1447 4300; x_wconf 88' lang='lat' dir='ltr'>rivulum.</span> 
     </span>
    </p>
   </div>
   <div class='ocr_carea' id='block_1_9' title="bbox 385 4361 1649 4978">
    <p class='ocr_par' dir='ltr' id='par_1_9' title="bbox 385 4361 1649 4763">
     <span class='ocr_line' id='line_1_35' title="bbox 492 4361 1647 4448; baseline -0.001 -24"><span class='ocrx_word' id='word_1_281' title='bbox 492 4363 570 4424; x_wconf 91' lang='lat' dir='ltr'>ltem</span> <span class='ocrx_word' id='word_1_282' title='bbox 597 4363 739 4448; x_wconf 75' lang='lat' dir='ltr'>Briccius</span> <span class='ocrx_word' id='word_1_283' title='bbox 770 4364 909 4445; x_wconf 91' lang='lat' dir='ltr'>piscator</span> <span class='ocrx_word' id='word_1_284' title='bbox 941 4363 1044 4424; x_wconf 90' lang='lat' dir='ltr'>dictus</span> <span class='ocrx_word' id='word_1_285' title='bbox 1077 4363 1181 4424; x_wconf 84' lang='lat' dir='ltr'>Mirko</span> <span class='ocrx_word' id='word_1_286' title='bbox 1206 4363 1352 4424; x_wconf 90' lang='lat' dir='ltr'>vendidit</span> <span class='ocrx_word' id='word_1_287' title='bbox 1383 4361 1503 4424; x_wconf 90' lang='lat' dir='ltr'>Mathie</span> <span class='ocrx_word' id='word_1_288' title='bbox 1536 4363 1647 4424; x_wconf 88' lang='lat' dir='ltr'>sartori</span> 
     </span>
     <span class='ocr_line' id='line_1_36' title="bbox 385 4466 1649 4550; baseline -0.002 -19"><span class='ocrx_word' id='word_1_289' title='bbox 385 4469 558 4531; x_wconf 92' lang='lat' dir='ltr'>successori</span> <span class='ocrx_word' id='word_1_290' title='bbox 591 4469 709 4529; x_wconf 88' lang='lat' dir='ltr'>Radlin</span> <span class='ocrx_word' id='word_1_291' title='bbox 743 4469 904 4549; x_wconf 91' lang='lat' dir='ltr'>quandam</span> <span class='ocrx_word' id='word_1_292' title='bbox 938 4470 1065 4530; x_wconf 92' lang='lat' dir='ltr'>vineam</span> <span class='ocrx_word' id='word_1_293' title='bbox 1105 4489 1195 4530; x_wconf 89' lang='lat' dir='ltr'>suam</span> <span class='ocrx_word' id='word_1_294' title='bbox 1230 4487 1303 4530; x_wconf 90' lang='lat' dir='ltr'>cum</span> <span class='ocrx_word' id='word_1_295' title='bbox 1334 4466 1474 4550; x_wconf 81' lang='lat' dir='ltr'>(h)or10,</span> <span class='ocrx_word' id='word_1_296' title='bbox 1511 4483 1594 4530; x_wconf 90' lang='lat' dir='ltr'>retro</span> <span class='ocrx_word' id='word_1_297' title='bbox 1618 4482 1649 4529; x_wconf 93' lang='lat' dir='ltr'>et</span> 
     </span>
     <span class='ocr_line' id='line_1_37' title="bbox 385 4574 1646 4658; baseline 0 -22"><span class='ocrx_word' id='word_1_298' title='bbox 385 4596 487 4658; x_wconf 92' lang='lat' dir='ltr'>prope</span> <span class='ocrx_word' id='word_1_299' title='bbox 511 4595 640 4636; x_wconf 89' lang='lat' dir='ltr'>murum</span> <span class='ocrx_word' id='word_1_300' title='bbox 667 4575 803 4636; x_wconf 90' lang='lat' dir='ltr'>civitatis</span> <span class='ocrx_word' id='word_1_301' title='bbox 826 4589 912 4636; x_wconf 85' lang='lat' dir='ltr'>extra</span> <span class='ocrx_word' id='word_1_302' title='bbox 937 4590 1061 4656; x_wconf 89' lang='lat' dir='ltr'>portam</span> <span class='ocrx_word' id='word_1_303' title='bbox 1087 4574 1284 4654; x_wconf 88' lang='lat' dir='ltr'>carnificum,</span> <span class='ocrx_word' id='word_1_304' title='bbox 1310 4594 1372 4656; x_wconf 92' lang='lat' dir='ltr'>que</span> <span class='ocrx_word' id='word_1_305' title='bbox 1399 4588 1466 4636; x_wconf 88' lang='lat' dir='ltr'>erat</span> <span class='ocrx_word' id='word_1_306' title='bbox 1489 4576 1567 4636; x_wconf 89' lang='lat' dir='ltr'>alias</span> <span class='ocrx_word' id='word_1_307' title='bbox 1590 4575 1646 4636; x_wconf 95' lang='lat' dir='ltr'>do-</span> 
     </span>
     <span class='ocr_line' id='line_1_38' title="bbox 386 4681 1503 4763; baseline 0 -21"><span class='ocrx_word' id='word_1_308' title='bbox 386 4683 464 4743; x_wconf 90' lang='lat' dir='ltr'>mini</span> <span class='ocrx_word' id='word_1_309' title='bbox 490 4681 670 4743; x_wconf 89' lang='lat' dir='ltr'>Clementis</span> <span class='ocrx_word' id='word_1_310' title='bbox 695 4681 837 4761; x_wconf 86' lang='lat' dir='ltr'>magistri</span> <span class='ocrx_word' id='word_1_311' title='bbox 863 4681 1039 4763; x_wconf 87' lang='lat' dir='ltr'>hospitalis,</span> <span class='ocrx_word' id='word_1_312' title='bbox 1069 4701 1126 4762; x_wconf 92' lang='lat' dir='ltr'>pro</span> <span class='ocrx_word' id='word_1_313' title='bbox 1152 4681 1303 4742; x_wconf 90' lang='lat' dir='ltr'>undecim</span> <span class='ocrx_word' id='word_1_314' title='bbox 1330 4681 1400 4743; x_wconf 90' lang='lat' dir='ltr'>flor.</span> <span class='ocrx_word' id='word_1_315' title='bbox 1425 4682 1503 4743; x_wconf 89' lang='lat' dir='ltr'>auri.</span> 
     </span>
    </p>

    <p class='ocr_par' dir='ltr' id='par_1_10' title="bbox 385 4787 1647 4978">
     <span class='ocr_line' id='line_1_39' title="bbox 492 4787 1646 4870; baseline 0 -21"><span class='ocrx_word' id='word_1_316' title='bbox 492 4789 568 4850; x_wconf 87' lang='lat' dir='ltr'>Item</span> <span class='ocrx_word' id='word_1_317' title='bbox 588 4789 686 4849; x_wconf 86' lang='lat' dir='ltr'>Elena</span> <span class='ocrx_word' id='word_1_318' title='bbox 705 4788 796 4848; x_wconf 89' lang='lat' dir='ltr'>aliter</span> <span class='ocrx_word' id='word_1_319' title='bbox 821 4788 966 4868; x_wconf 83' lang='lat' dir='ltr'>Dragava</span> <span class='ocrx_word' id='word_1_320' title='bbox 991 4801 1102 4848; x_wconf 89' lang='lat' dir='ltr'>vocata</span> <span class='ocrx_word' id='word_1_321' title='bbox 1121 4788 1229 4850; x_wconf 90' lang='lat' dir='ltr'>relicta</span> <span class='ocrx_word' id='word_1_322' title='bbox 1256 4789 1395 4850; x_wconf 90' lang='lat' dir='ltr'>condam</span> <span class='ocrx_word' id='word_1_323' title='bbox 1413 4787 1545 4870; x_wconf 86' lang='lat' dir='ltr'>Georgii</span> <span class='ocrx_word' id='word_1_324' title='bbox 1570 4789 1646 4850; x_wconf 88' lang='lat' dir='ltr'>Dra-</span> 
     </span>
     <span class='ocr_line' id='line_1_40' title="bbox 385 4893 1647 4978; baseline 0.001 -23"><span class='ocrx_word' id='word_1_325' title='bbox 385 4895 491 4975; x_wconf 86' lang='lat' dir='ltr'>gawin</span> <span class='ocrx_word' id='word_1_326' title='bbox 517 4894 592 4954; x_wconf 89' lang='lat' dir='ltr'>dicti</span> <span class='ocrx_word' id='word_1_327' title='bbox 617 4893 763 4954; x_wconf 88' lang='lat' dir='ltr'>vendidit</span> <span class='ocrx_word' id='word_1_328' title='bbox 789 4893 909 4955; x_wconf 77' lang='lat' dir='ltr'>Mathis</span> <span class='ocrx_word' id='word_1_329' title='bbox 933 4895 1045 4956; x_wconf 89' lang='lat' dir='ltr'>sartori</span> <span class='ocrx_word' id='word_1_330' title='bbox 1077 4895 1250 4955; x_wconf 89' lang='lat' dir='ltr'>successori</span> <span class='ocrx_word' id='word_1_331' title='bbox 1284 4895 1422 4957; x_wconf 89' lang='lat' dir='ltr'>condam</span> <span class='ocrx_word' id='word_1_332' title='bbox 1447 4895 1564 4957; x_wconf 88' lang='lat' dir='ltr'>Radlin</span> <span class='ocrx_word' id='word_1_333' title='bbox 1589 4915 1647 4978; x_wconf 92' lang='lat' dir='ltr'>pro</span> 
     </span>
    </p>
   </div>
   <div class='ocr_carea' id='block_1_10' title="bbox 387 5001 1646 5089">
    <p class='ocr_par' dir='ltr' id='par_1_11' title="bbox 387 5001 1646 5089">
     <span class='ocr_line' id='line_1_41' title="bbox 387 5001 1646 5089; baseline 0.008 -29"><span class='ocrx_word' id='word_1_334' title='bbox 387 5002 500 5085; x_wconf 84' lang='lat' dir='ltr'>viginti</span> <span class='ocrx_word' id='word_1_335' title='bbox 527 5016 600 5068; x_wconf 87' lang='lat' dir='ltr'>octo</span> <span class='ocrx_word' id='word_1_336' title='bbox 625 5001 694 5066; x_wconf 86' lang='lat' dir='ltr'>flor.</span> <span class='ocrx_word' id='word_1_337' title='bbox 721 5001 884 5087; x_wconf 86' lang='lat' dir='ltr'>quandam</span> <span class='ocrx_word' id='word_1_338' title='bbox 909 5003 1035 5066; x_wconf 86' lang='lat' dir='ltr'>vineam</span> <span class='ocrx_word' id='word_1_339' title='bbox 1061 5022 1134 5068; x_wconf 86' lang='lat' dir='ltr'>cum</span> <span class='ocrx_word' id='word_1_340' title='bbox 1163 5003 1303 5089; x_wconf 82' lang='lat' dir='ltr'>virgulto</span> <span class='ocrx_word' id='word_1_341' title='bbox 1328 5004 1387 5070; x_wconf 88' lang='lat' dir='ltr'>sibi</span> <span class='ocrx_word' id='word_1_342' title='bbox 1413 5005 1589 5072; x_wconf 84' lang='lat' dir='ltr'>subiacenti</span> <span class='ocrx_word' id='word_1_343' title='bbox 1615 5005 1646 5071; x_wconf 88' lang='lat' dir='ltr'>in</span> 
     </span>
    </p>
   </div>
   <div class='ocr_carea' id='block_1_11' title="bbox 0 0 1926 5802">
    <p class='ocr_par' dir='ltr' id='par_1_12' title="bbox 0 0 1926 5802">
     <span class='ocr_line' id='line_1_42' title="bbox 0 0 1926 5802; baseline 0 0"><span class='ocrx_word' id='word_1_344' title='bbox 0 0 1926 5802; x_wconf 95' lang='lat' dir='ltr'> </span> 
     </span>
    </p>
   </div>
  </div>
 </body>
</html>
