<?xml version="1.0" encoding="UTF-8"?>
<!DOCTYPE html PUBLIC "-//W3C//DTD XHTML 1.0 Transitional//EN"
    "http://www.w3.org/TR/xhtml1/DTD/xhtml1-transitional.dtd">
<html xmlns="http://www.w3.org/1999/xhtml" xml:lang="en" lang="en">
 <head>
  <title>
</title>
<meta http-equiv="Content-Type" content="text/html;charset=utf-8" />
  <meta name='ocr-system' content='tesseract 3.04.00' />
  <meta name='ocr-capabilities' content='ocr_page ocr_carea ocr_par ocr_line ocrx_word'/>
</head>
<body>
  <div class='ocr_page' id='page_1' title='image "./monumentahistor19laszgoog_0099.png"; bbox 0 0 3842 5802; ppageno 0'>
   <div class='ocr_carea' id='block_1_1' title="bbox 564 1569 1278 1673">
    <p class='ocr_par' dir='ltr' id='par_1_1' title="bbox 564 1569 1278 1673">
     <span class='ocr_line' id='line_1_1' title="bbox 564 1569 1278 1673; baseline -0.006 -10"><span class='ocrx_word' id='word_1_1' title='bbox 564 1575 692 1671; x_wconf 81' lang='lat' dir='ltr'>(Auno</span> <span class='ocrx_word' id='word_1_2' title='bbox 720 1572 877 1661; x_wconf 84' lang='lat' dir='ltr'>Domini</span> <span class='ocrx_word' id='word_1_3' title='bbox 903 1569 1278 1673; x_wconf 76' lang='lat' dir='ltr'>oeconomum.)</span> 
     </span>
    </p>
   </div>
   <div class='ocr_carea' id='block_1_2' title="bbox 301 1909 1565 2381">
    <p class='ocr_par' dir='ltr' id='par_1_2' title="bbox 301 1909 1565 2010">
     <span class='ocr_line' id='line_1_2' title="bbox 301 1909 1565 2010; baseline 0 -24"><span class='ocrx_word' id='word_1_4' title='bbox 301 1911 406 1987; x_wconf 84' lang='lat' dir='ltr'>Anno</span> <span class='ocrx_word' id='word_1_5' title='bbox 423 1911 566 1987; x_wconf 87' lang='lat' dir='ltr'>Domini</span> <span class='ocrx_word' id='word_1_6' title='bbox 583 1909 771 1986; x_wconf 89' lang='lat' dir='ltr'>millesimo</span> <span class='ocrx_word' id='word_1_7' title='bbox 797 1911 1153 2010; x_wconf 89' lang='lat' dir='ltr'>quadringentesimo</span> <span class='ocrx_word' id='word_1_8' title='bbox 1170 1911 1423 2010; x_wconf 87' lang='lat' dir='ltr'>octuagesimo</span> <span class='ocrx_word' id='word_1_9' title='bbox 1438 1911 1565 2004; x_wconf 90' lang='lat' dir='ltr'>tercio,</span> 
     </span>
    </p>

    <p class='ocr_par' dir='ltr' id='par_1_3' title="bbox 301 2033 1563 2136">
     <span class='ocr_line' id='line_1_3' title="bbox 301 2033 1563 2136; baseline 0.001 -26"><span class='ocrx_word' id='word_1_10' title='bbox 301 2047 464 2134; x_wconf 86' lang='lat' dir='ltr'>tempore</span> <span class='ocrx_word' id='word_1_11' title='bbox 480 2035 660 2134; x_wconf 88' lang='lat' dir='ltr'>judicatus</span> <span class='ocrx_word' id='word_1_12' title='bbox 701 2033 852 2131; x_wconf 86' lang='lat' dir='ltr'>Georgii</span> <span class='ocrx_word' id='word_1_13' title='bbox 884 2033 1109 2110; x_wconf 86' lang='lat' dir='ltr'>Vithkowicz</span> <span class='ocrx_word' id='word_1_14' title='bbox 1140 2035 1299 2109; x_wconf 90' lang='lat' dir='ltr'>modemi</span> <span class='ocrx_word' id='word_1_15' title='bbox 1323 2033 1454 2132; x_wconf 85' lang='lat' dir='ltr'>judicis</span> <span class='ocrx_word' id='word_1_16' title='bbox 1484 2059 1563 2136; x_wconf 90' lang='lat' dir='ltr'>pre·</span> 
     </span>
    </p>

    <p class='ocr_par' dir='ltr' id='par_1_4' title="bbox 302 2157 1565 2381">
     <span class='ocr_line' id='line_1_4' title="bbox 302 2157 1565 2258; baseline 0 -24"><span class='ocrx_word' id='word_1_17' title='bbox 302 2184 387 2236; x_wconf 87' lang='lat' dir='ltr'>sens</span> <span class='ocrx_word' id='word_1_18' title='bbox 416 2161 602 2235; x_wconf 81' lang='lat' dir='ltr'>laternum</span> <span class='ocrx_word' id='word_1_19' title='bbox 638 2167 697 2234; x_wconf 85' lang='lat' dir='ltr'>est</span> <span class='ocrx_word' id='word_1_20' title='bbox 733 2157 877 2250; x_wconf 83' lang='lat' dir='ltr'>lactum,</span> <span class='ocrx_word' id='word_1_21' title='bbox 919 2159 1074 2234; x_wconf 86' lang='lat' dir='ltr'>sabbato</span> <span class='ocrx_word' id='word_1_22' title='bbox 1113 2159 1274 2258; x_wconf 87' lang='lat' dir='ltr'>proximo</span> <span class='ocrx_word' id='word_1_23' title='bbox 1314 2166 1398 2234; x_wconf 88' lang='lat' dir='ltr'>ante</span> <span class='ocrx_word' id='word_1_24' title='bbox 1432 2157 1565 2234; x_wconf 86' lang='lat' dir='ltr'>sestam</span> 
     </span>
     <span class='ocr_line' id='line_1_5' title="bbox 550 2281 1301 2381; baseline -0.004 -24"><span class='ocrx_word' id='word_1_25' title='bbox 550 2281 818 2357; x_wconf 80' lang='lat' dir='ltr'>Purifieacionis</span> <span class='ocrx_word' id='word_1_26' title='bbox 855 2281 964 2358; x_wconf 86' lang='lat' dir='ltr'>beate</span> <span class='ocrx_word' id='word_1_27' title='bbox 1002 2281 1114 2358; x_wconf 83' lang='lat' dir='ltr'>Maria</span> <span class='ocrx_word' id='word_1_28' title='bbox 1142 2282 1301 2381; x_wconf 87' lang='lat' dir='ltr'>virginis.</span> 
     </span>
    </p>
   </div>
   <div class='ocr_carea' id='block_1_3' title="bbox 830 2529 1066 2608">
    <p class='ocr_par' dir='ltr' id='par_1_5' title="bbox 830 2529 1066 2608">
     <span class='ocr_line' id='line_1_6' title="bbox 830 2529 1066 2608; baseline 0.008 -20"><span class='ocrx_word' id='word_1_29' title='bbox 830 2538 869 2605; x_wconf 91' lang='lat'>(1.</span> <span class='ocrx_word' id='word_1_30' title='bbox 886 2529 1066 2608; x_wconf 80' lang='lat' dir='ltr'>februarii).</span> 
     </span>
    </p>
   </div>
   <div class='ocr_carea' id='block_1_4' title="bbox 297 2671 1565 5090">
    <p class='ocr_par' dir='ltr' id='par_1_6' title="bbox 300 2671 1565 3923">
     <span class='ocr_line' id='line_1_7' title="bbox 407 2671 1561 2752; baseline -0.001 -18"><span class='ocrx_word' id='word_1_31' title='bbox 407 2673 474 2734; x_wconf 89' lang='lat' dir='ltr'>Nos</span> <span class='ocrx_word' id='word_1_32' title='bbox 506 2672 719 2734; x_wconf 86' lang='lat' dir='ltr'>communitas</span> <span class='ocrx_word' id='word_1_33' title='bbox 751 2673 868 2734; x_wconf 89' lang='lat' dir='ltr'>civium</span> <span class='ocrx_word' id='word_1_34' title='bbox 902 2673 1038 2734; x_wconf 89' lang='lat' dir='ltr'>civitatis</span> <span class='ocrx_word' id='word_1_35' title='bbox 1073 2671 1364 2752; x_wconf 83' lang='lat' dir='ltr'>Montisgrecensis.</span> <span class='ocrx_word' id='word_1_36' title='bbox 1405 2673 1561 2734; x_wconf 86' lang='lat' dir='ltr'>Memorie</span> 
     </span>
     <span class='ocr_line' id='line_1_8' title="bbox 302 2777 1565 2859; baseline 0 -19"><span class='ocrx_word' id='word_1_37' title='bbox 302 2779 589 2857; x_wconf 81' lang='lat' dir='ltr'>commendamus,</span> <span class='ocrx_word' id='word_1_38' title='bbox 622 2779 709 2859; x_wconf 92' lang='lat' dir='ltr'>quod</span> <span class='ocrx_word' id='word_1_39' title='bbox 745 2798 804 2840; x_wconf 90' lang='lat' dir='ltr'>nos</span> <span class='ocrx_word' id='word_1_40' title='bbox 837 2779 1043 2840; x_wconf 88' lang='lat' dir='ltr'>vendidimus</span> <span class='ocrx_word' id='word_1_41' title='bbox 1071 2777 1232 2859; x_wconf 89' lang='lat' dir='ltr'>quandam</span> <span class='ocrx_word' id='word_1_42' title='bbox 1265 2777 1393 2839; x_wconf 88' lang='lat' dir='ltr'>vineam</span> <span class='ocrx_word' id='word_1_43' title='bbox 1428 2779 1565 2840; x_wconf 91' lang='lat' dir='ltr'>condam</span> 
     </span>
     <span class='ocr_line' id='line_1_9' title="bbox 301 2883 1564 2967; baseline 0 -21"><span class='ocrx_word' id='word_1_44' title='bbox 301 2885 469 2946; x_wconf 88' lang='lat' dir='ltr'>Elizabeth</span> <span class='ocrx_word' id='word_1_45' title='bbox 496 2884 609 2946; x_wconf 88' lang='lat' dir='ltr'>Glazia</span> <span class='ocrx_word' id='word_1_46' title='bbox 631 2885 725 2962; x_wconf 92' lang='lat' dir='ltr'>dicte,</span> <span class='ocrx_word' id='word_1_47' title='bbox 743 2897 872 2967; x_wconf 90' lang='lat' dir='ltr'>propter</span> <span class='ocrx_word' id='word_1_48' title='bbox 890 2883 1050 2946; x_wconf 88' lang='lat' dir='ltr'>defectum</span> <span class='ocrx_word' id='word_1_49' title='bbox 1068 2884 1210 2962; x_wconf 89' lang='lat' dir='ltr'>seminis,</span> <span class='ocrx_word' id='word_1_50' title='bbox 1235 2886 1356 2964; x_wconf 81' lang='lat' dir='ltr'>absque</span> <span class='ocrx_word' id='word_1_51' title='bbox 1372 2898 1564 2946; x_wconf 87' lang='lat' dir='ltr'>testamento</span> 
     </span>
     <span class='ocr_line' id='line_1_10' title="bbox 301 2991 1564 3072; baseline 0.001 -21"><span class='ocrx_word' id='word_1_52' title='bbox 301 2991 523 3070; x_wconf 84' lang='lat' dir='ltr'>decedentem,</span> <span class='ocrx_word' id='word_1_53' title='bbox 548 2992 587 3053; x_wconf 91' lang='lat' dir='ltr'>ad</span> <span class='ocrx_word' id='word_1_54' title='bbox 612 3011 671 3053; x_wconf 85' lang='lat' dir='ltr'>nos</span> <span class='ocrx_word' id='word_1_55' title='bbox 696 2992 881 3054; x_wconf 85' lang='lat' dir='ltr'>devolutam</span> <span class='ocrx_word' id='word_1_56' title='bbox 915 2992 945 3052; x_wconf 89' lang='lat' dir='ltr'>in</span> <span class='ocrx_word' id='word_1_57' title='bbox 978 2991 1139 3053; x_wconf 87' lang='lat' dir='ltr'>territorio</span> <span class='ocrx_word' id='word_1_58' title='bbox 1171 3004 1291 3069; x_wconf 91' lang='lat' dir='ltr'>nostro,</span> <span class='ocrx_word' id='word_1_59' title='bbox 1313 3010 1410 3072; x_wconf 88' lang='lat' dir='ltr'>penes</span> <span class='ocrx_word' id='word_1_60' title='bbox 1438 2992 1564 3053; x_wconf 86' lang='lat' dir='ltr'>vineam</span> 
     </span>
     <span class='ocr_line' id='line_1_11' title="bbox 302 3097 1565 3180; baseline 0 -22"><span class='ocrx_word' id='word_1_61' title='bbox 302 3097 457 3179; x_wconf 82' lang='lat' dir='ltr'>Stephani</span> <span class='ocrx_word' id='word_1_62' title='bbox 474 3097 641 3180; x_wconf 90' lang='lat' dir='ltr'>selliparis,</span> <span class='ocrx_word' id='word_1_63' title='bbox 667 3111 790 3179; x_wconf 89' lang='lat' dir='ltr'>aparte</span> <span class='ocrx_word' id='word_1_64' title='bbox 823 3097 1039 3176; x_wconf 80' lang='lat' dir='ltr'>meridionali,</span> <span class='ocrx_word' id='word_1_65' title='bbox 1063 3118 1080 3158; x_wconf 87' lang='lat' dir='ltr'>a</span> <span class='ocrx_word' id='word_1_66' title='bbox 1108 3111 1196 3179; x_wconf 90' lang='lat' dir='ltr'>parte</span> <span class='ocrx_word' id='word_1_67' title='bbox 1220 3115 1297 3158; x_wconf 90' lang='lat' dir='ltr'>vero</span> <span class='ocrx_word' id='word_1_68' title='bbox 1313 3098 1565 3179; x_wconf 76' lang='lat' dir='ltr'>septemtrionali</span> 
     </span>
     <span class='ocr_line' id='line_1_12' title="bbox 300 3202 1564 3286; baseline 0 -21"><span class='ocrx_word' id='word_1_69' title='bbox 300 3224 398 3286; x_wconf 89' lang='lat' dir='ltr'>penes</span> <span class='ocrx_word' id='word_1_70' title='bbox 424 3205 550 3265; x_wconf 89' lang='lat' dir='ltr'>vineam</span> <span class='ocrx_word' id='word_1_71' title='bbox 582 3203 711 3265; x_wconf 90' lang='lat' dir='ltr'>Thome</span> <span class='ocrx_word' id='word_1_72' title='bbox 736 3204 874 3282; x_wconf 88' lang='lat' dir='ltr'>sartoris,</span> <span class='ocrx_word' id='word_1_73' title='bbox 900 3203 1046 3264; x_wconf 90' lang='lat' dir='ltr'>moderni</span> <span class='ocrx_word' id='word_1_74' title='bbox 1072 3202 1164 3284; x_wconf 83' lang='lat' dir='ltr'>jurati</span> <span class='ocrx_word' id='word_1_75' title='bbox 1190 3217 1220 3264; x_wconf 89' lang='lat' dir='ltr'>et</span> <span class='ocrx_word' id='word_1_76' title='bbox 1243 3203 1384 3264; x_wconf 86' lang='lat' dir='ltr'>concivis</span> <span class='ocrx_word' id='word_1_77' title='bbox 1413 3204 1523 3282; x_wconf 87' lang='lat' dir='ltr'>nostri,</span> <span class='ocrx_word' id='word_1_78' title='bbox 1547 3225 1564 3265; x_wconf 87' lang='lat' dir='ltr'>a</span> 
     </span>
     <span class='ocr_line' id='line_1_13' title="bbox 300 3310 1564 3392; baseline -0.001 -20"><span class='ocrx_word' id='word_1_79' title='bbox 300 3324 388 3392; x_wconf 89' lang='lat' dir='ltr'>parte</span> <span class='ocrx_word' id='word_1_80' title='bbox 411 3329 489 3372; x_wconf 91' lang='lat' dir='ltr'>vero</span> <span class='ocrx_word' id='word_1_81' title='bbox 520 3311 711 3372; x_wconf 90' lang='lat' dir='ltr'>occidentali</span> <span class='ocrx_word' id='word_1_82' title='bbox 744 3310 825 3372; x_wconf 81' lang='lat' dir='ltr'>infra</span> <span class='ocrx_word' id='word_1_83' title='bbox 858 3330 959 3392; x_wconf 90' lang='lat' dir='ltr'>usque</span> <span class='ocrx_word' id='word_1_84' title='bbox 992 3311 1159 3372; x_wconf 89' lang='lat' dir='ltr'>decursum</span> <span class='ocrx_word' id='word_1_85' title='bbox 1194 3329 1295 3390; x_wconf 90' lang='lat' dir='ltr'>aque,</span> <span class='ocrx_word' id='word_1_86' title='bbox 1328 3329 1400 3370; x_wconf 91' lang='lat' dir='ltr'>cum</span> <span class='ocrx_word' id='word_1_87' title='bbox 1425 3311 1564 3390; x_wconf 86' lang='lat' dir='ltr'>virgulto</span> 
     </span>
     <span class='ocr_line' id='line_1_14' title="bbox 301 3415 1564 3498; baseline -0.002 -20"><span class='ocrx_word' id='word_1_88' title='bbox 301 3417 405 3478; x_wconf 90' lang='lat' dir='ltr'>eidem</span> <span class='ocrx_word' id='word_1_89' title='bbox 430 3417 617 3494; x_wconf 86' lang='lat' dir='ltr'>subiacenti,</span> <span class='ocrx_word' id='word_1_90' title='bbox 651 3417 751 3498; x_wconf 87' lang='lat' dir='ltr'>ipsam</span> <span class='ocrx_word' id='word_1_91' title='bbox 786 3416 953 3478; x_wconf 91' lang='lat' dir='ltr'>Elizabeth</span> <span class='ocrx_word' id='word_1_92' title='bbox 978 3415 1091 3478; x_wconf 88' lang='lat' dir='ltr'>Glazia</span> <span class='ocrx_word' id='word_1_93' title='bbox 1125 3415 1302 3498; x_wconf 86' lang='lat' dir='ltr'>empcionia</span> <span class='ocrx_word' id='word_1_94' title='bbox 1330 3416 1423 3476; x_wconf 91' lang='lat' dir='ltr'>titulo</span> <span class='ocrx_word' id='word_1_95' title='bbox 1459 3415 1564 3477; x_wconf 87' lang='lat' dir='ltr'>litera·</span> 
     </span>
     <span class='ocr_line' id='line_1_15' title="bbox 301 3521 1564 3604; baseline 0 -20"><span class='ocrx_word' id='word_1_96' title='bbox 301 3523 380 3584; x_wconf 87' lang='lat' dir='ltr'>torie</span> <span class='ocrx_word' id='word_1_97' title='bbox 414 3535 672 3600; x_wconf 90' lang='lat' dir='ltr'>concernentem,</span> <span class='ocrx_word' id='word_1_98' title='bbox 696 3537 792 3604; x_wconf 88' lang='lat' dir='ltr'>prout</span> <span class='ocrx_word' id='word_1_99' title='bbox 822 3522 973 3602; x_wconf 90' lang='lat' dir='ltr'>vidimus,</span> <span class='ocrx_word' id='word_1_100' title='bbox 1005 3522 1211 3583; x_wconf 85' lang='lat' dir='ltr'>vendidimus</span> <span class='ocrx_word' id='word_1_101' title='bbox 1243 3521 1379 3603; x_wconf 91' lang='lat' dir='ltr'>provido</span> <span class='ocrx_word' id='word_1_102' title='bbox 1408 3521 1476 3582; x_wconf 91' lang='lat' dir='ltr'>viro</span> <span class='ocrx_word' id='word_1_103' title='bbox 1501 3522 1564 3584; x_wconf 89' lang='lat' dir='ltr'>De·</span> 
     </span>
     <span class='ocr_line' id='line_1_16' title="bbox 301 3627 1563 3710; baseline -0.002 -20"><span class='ocrx_word' id='word_1_104' title='bbox 301 3630 416 3690; x_wconf 87' lang='lat' dir='ltr'>metrio</span> <span class='ocrx_word' id='word_1_105' title='bbox 441 3627 508 3691; x_wconf 89' lang='lat' dir='ltr'>filio</span> <span class='ocrx_word' id='word_1_106' title='bbox 532 3629 682 3691; x_wconf 88' lang='lat' dir='ltr'>videlicet</span> <span class='ocrx_word' id='word_1_107' title='bbox 705 3629 842 3690; x_wconf 88' lang='lat' dir='ltr'>condam</span> <span class='ocrx_word' id='word_1_108' title='bbox 870 3628 1002 3710; x_wconf 84' lang='lat' dir='ltr'>Georgii</span> <span class='ocrx_word' id='word_1_109' title='bbox 1033 3628 1263 3710; x_wconf 80' lang='lat' dir='ltr'>Boyniltowicz</span> <span class='ocrx_word' id='word_1_110' title='bbox 1289 3627 1328 3688; x_wconf 91' lang='lat' dir='ltr'>de</span> <span class='ocrx_word' id='word_1_111' title='bbox 1354 3628 1563 3690; x_wconf 88' lang='lat' dir='ltr'>Zelna·zenth</span> 
     </span>
     <span class='ocr_line' id='line_1_17' title="bbox 301 3733 1562 3817; baseline 0 -21"><span class='ocrx_word' id='word_1_112' title='bbox 301 3735 430 3814; x_wconf 86' lang='lat' dir='ltr'>Miklos,</span> <span class='ocrx_word' id='word_1_113' title='bbox 448 3735 604 3796; x_wconf 88' lang='lat' dir='ltr'>moderno</span> <span class='ocrx_word' id='word_1_114' title='bbox 621 3735 725 3817; x_wconf 85' lang='lat' dir='ltr'>jurato</span> <span class='ocrx_word' id='word_1_115' title='bbox 743 3749 773 3797; x_wconf 92' lang='lat' dir='ltr'>et</span> <span class='ocrx_word' id='word_1_116' title='bbox 790 3735 916 3797; x_wconf 90' lang='lat' dir='ltr'>concivi</span> <span class='ocrx_word' id='word_1_117' title='bbox 934 3749 1054 3814; x_wconf 84' lang='lat' dir='ltr'>nostru,</span> <span class='ocrx_word' id='word_1_118' title='bbox 1067 3755 1125 3816; x_wconf 94' lang='lat' dir='ltr'>pro</span> <span class='ocrx_word' id='word_1_119' title='bbox 1142 3733 1296 3796; x_wconf 88' lang='lat' dir='ltr'>tredecim</span> <span class='ocrx_word' id='word_1_120' title='bbox 1321 3733 1390 3794; x_wconf 90' lang='lat' dir='ltr'>flor.</span> <span class='ocrx_word' id='word_1_121' title='bbox 1408 3747 1439 3794; x_wconf 87' lang='lat' dir='ltr'>et</span> <span class='ocrx_word' id='word_1_122' title='bbox 1452 3735 1562 3796; x_wconf 88' lang='lat' dir='ltr'>medio</span> 
     </span>
     <span class='ocr_line' id='line_1_18' title="bbox 300 3840 1126 3923; baseline 0 -21"><span class='ocrx_word' id='word_1_123' title='bbox 300 3840 370 3903; x_wconf 91' lang='lat' dir='ltr'>flor.</span> <span class='ocrx_word' id='word_1_124' title='bbox 395 3841 473 3904; x_wconf 91' lang='lat' dir='ltr'>auri.</span> <span class='ocrx_word' id='word_1_125' title='bbox 508 3840 626 3902; x_wconf 90' lang='lat' dir='ltr'>Datum</span> <span class='ocrx_word' id='word_1_126' title='bbox 652 3840 704 3902; x_wconf 92' lang='lat' dir='ltr'>die</span> <span class='ocrx_word' id='word_1_127' title='bbox 729 3855 759 3902; x_wconf 95' lang='lat' dir='ltr'>et</span> <span class='ocrx_word' id='word_1_128' title='bbox 783 3861 869 3903; x_wconf 90' lang='lat' dir='ltr'>anno</span> <span class='ocrx_word' id='word_1_129' title='bbox 894 3841 1126 3923; x_wconf 88' lang='lat' dir='ltr'>suprascriptis.</span> 
     </span>
    </p>

    <p class='ocr_par' dir='ltr' id='par_1_7' title="bbox 297 3946 1564 4878">
     <span class='ocr_line' id='line_1_19' title="bbox 406 3946 1563 4029; baseline 0.001 -21"><span class='ocrx_word' id='word_1_130' title='bbox 406 3948 473 4009; x_wconf 91' lang='lat' dir='ltr'>Nos</span> <span class='ocrx_word' id='word_1_131' title='bbox 505 3947 720 4008; x_wconf 90' lang='lat' dir='ltr'>communitas</span> <span class='ocrx_word' id='word_1_132' title='bbox 751 3960 831 4026; x_wconf 92' lang='lat' dir='ltr'>etc.,</span> <span class='ocrx_word' id='word_1_133' title='bbox 864 3947 952 4028; x_wconf 90' lang='lat' dir='ltr'>quod</span> <span class='ocrx_word' id='word_1_134' title='bbox 984 3967 1043 4008; x_wconf 87' lang='lat' dir='ltr'>noa</span> <span class='ocrx_word' id='word_1_135' title='bbox 1075 3946 1238 4029; x_wconf 89' lang='lat' dir='ltr'>quandam</span> <span class='ocrx_word' id='word_1_136' title='bbox 1276 3947 1390 4008; x_wconf 88' lang='lat' dir='ltr'>silvam</span> <span class='ocrx_word' id='word_1_137' title='bbox 1425 3947 1563 4009; x_wconf 88' lang='lat' dir='ltr'>condam</span> 
     </span>
     <span class='ocr_line' id='line_1_20' title="bbox 303 4051 1564 4134; baseline 0.001 -21"><span class='ocrx_word' id='word_1_138' title='bbox 303 4051 415 4114; x_wconf 88' lang='lat' dir='ltr'>Glazia</span> <span class='ocrx_word' id='word_1_139' title='bbox 441 4066 571 4134; x_wconf 90' lang='lat' dir='ltr'>propter</span> <span class='ocrx_word' id='word_1_140' title='bbox 595 4052 755 4114; x_wconf 89' lang='lat' dir='ltr'>delectum</span> <span class='ocrx_word' id='word_1_141' title='bbox 783 4053 916 4115; x_wconf 88' lang='lat' dir='ltr'>seminis</span> <span class='ocrx_word' id='word_1_142' title='bbox 948 4054 1069 4133; x_wconf 86' lang='lat' dir='ltr'>absque</span> <span class='ocrx_word' id='word_1_143' title='bbox 1100 4065 1293 4114; x_wconf 88' lang='lat' dir='ltr'>testamento</span> <span class='ocrx_word' id='word_1_144' title='bbox 1318 4052 1564 4132; x_wconf 88' lang='lat' dir='ltr'>decendentem,</span> 
     </span>
     <span class='ocr_line' id='line_1_21' title="bbox 300 4158 1563 4241; baseline 0.001 -23"><span class='ocrx_word' id='word_1_145' title='bbox 300 4158 340 4218; x_wconf 87' lang='lat' dir='ltr'>ad</span> <span class='ocrx_word' id='word_1_146' title='bbox 365 4178 424 4219; x_wconf 90' lang='lat' dir='ltr'>nos</span> <span class='ocrx_word' id='word_1_147' title='bbox 449 4159 648 4236; x_wconf 86' lang='lat' dir='ltr'>devolutam,</span> <span class='ocrx_word' id='word_1_148' title='bbox 673 4159 772 4220; x_wconf 91' lang='lat' dir='ltr'>modo</span> <span class='ocrx_word' id='word_1_149' title='bbox 797 4159 991 4238; x_wconf 86' lang='lat' dir='ltr'>supradicto,</span> <span class='ocrx_word' id='word_1_150' title='bbox 1017 4159 1048 4218; x_wconf 94' lang='lat' dir='ltr'>in</span> <span class='ocrx_word' id='word_1_151' title='bbox 1067 4159 1229 4220; x_wconf 89' lang='lat' dir='ltr'>territorio</span> <span class='ocrx_word' id='word_1_152' title='bbox 1255 4171 1365 4220; x_wconf 90' lang='lat' dir='ltr'>nostro</span> <span class='ocrx_word' id='word_1_153' title='bbox 1390 4179 1488 4241; x_wconf 89' lang='lat' dir='ltr'>penes</span> <span class='ocrx_word' id='word_1_154' title='bbox 1510 4159 1563 4220; x_wconf 88' lang='lat' dir='ltr'>sil·</span> 
     </span>
     <span class='ocr_line' id='line_1_22' title="bbox 300 4264 1563 4347; baseline 0.002 -23"><span class='ocrx_word' id='word_1_155' title='bbox 300 4284 373 4326; x_wconf 90' lang='lat' dir='ltr'>vam</span> <span class='ocrx_word' id='word_1_156' title='bbox 399 4278 506 4326; x_wconf 86' lang='lat' dir='ltr'>nostre</span> <span class='ocrx_word' id='word_1_157' title='bbox 531 4265 771 4327; x_wconf 88' lang='lat' dir='ltr'>communitatis</span> <span class='ocrx_word' id='word_1_158' title='bbox 795 4265 990 4344; x_wconf 89' lang='lat' dir='ltr'>censualem,</span> <span class='ocrx_word' id='word_1_159' title='bbox 1015 4285 1031 4326; x_wconf 91' lang='lat' dir='ltr'>a</span> <span class='ocrx_word' id='word_1_160' title='bbox 1057 4279 1145 4347; x_wconf 87' lang='lat' dir='ltr'>parte</span> <span class='ocrx_word' id='word_1_161' title='bbox 1171 4264 1324 4326; x_wconf 90' lang='lat' dir='ltr'>videlicet</span> <span class='ocrx_word' id='word_1_162' title='bbox 1349 4265 1563 4344; x_wconf 90' lang='lat' dir='ltr'>meridionali,</span> 
     </span>
     <span class='ocr_line' id='line_1_23' title="bbox 300 4369 1563 4454; baseline 0 -23"><span class='ocrx_word' id='word_1_163' title='bbox 300 4391 317 4431; x_wconf 92' lang='lat' dir='ltr'>a</span> <span class='ocrx_word' id='word_1_164' title='bbox 342 4383 430 4452; x_wconf 92' lang='lat' dir='ltr'>parte</span> <span class='ocrx_word' id='word_1_165' title='bbox 455 4390 532 4432; x_wconf 91' lang='lat' dir='ltr'>vero</span> <span class='ocrx_word' id='word_1_166' title='bbox 557 4371 810 4454; x_wconf 89' lang='lat' dir='ltr'>septemtrionali</span> <span class='ocrx_word' id='word_1_167' title='bbox 835 4391 934 4452; x_wconf 87' lang='lat' dir='ltr'>penes</span> <span class='ocrx_word' id='word_1_168' title='bbox 957 4371 1070 4432; x_wconf 89' lang='lat' dir='ltr'>silvam</span> <span class='ocrx_word' id='word_1_169' title='bbox 1096 4369 1225 4432; x_wconf 88' lang='lat' dir='ltr'>Thome</span> <span class='ocrx_word' id='word_1_170' title='bbox 1250 4371 1390 4449; x_wconf 88' lang='lat' dir='ltr'>sartoris,</span> <span class='ocrx_word' id='word_1_171' title='bbox 1415 4371 1563 4432; x_wconf 89' lang='lat' dir='ltr'>moderni</span> 
     </span>
     <span class='ocr_line' id='line_1_24' title="bbox 297 4476 1563 4560; baseline 0.002 -23"><span class='ocrx_word' id='word_1_172' title='bbox 297 4476 402 4558; x_wconf 88' lang='lat' dir='ltr'>jurati,</span> <span class='ocrx_word' id='word_1_173' title='bbox 427 4497 444 4538; x_wconf 91' lang='lat' dir='ltr'>a</span> <span class='ocrx_word' id='word_1_174' title='bbox 477 4491 566 4559; x_wconf 88' lang='lat' dir='ltr'>parte</span> <span class='ocrx_word' id='word_1_175' title='bbox 598 4497 674 4539; x_wconf 91' lang='lat' dir='ltr'>vero</span> <span class='ocrx_word' id='word_1_176' title='bbox 705 4477 897 4539; x_wconf 89' lang='lat' dir='ltr'>occidentali</span> <span class='ocrx_word' id='word_1_177' title='bbox 930 4497 1029 4560; x_wconf 89' lang='lat' dir='ltr'>penes</span> <span class='ocrx_word' id='word_1_178' title='bbox 1060 4477 1146 4538; x_wconf 89' lang='lat' dir='ltr'>viam</span> <span class='ocrx_word' id='word_1_179' title='bbox 1177 4497 1407 4556; x_wconf 88' lang='lat' dir='ltr'>communem,</span> <span class='ocrx_word' id='word_1_180' title='bbox 1433 4490 1563 4560; x_wconf 88' lang='lat' dir='ltr'>aparte</span> 
     </span>
     <span class='ocr_line' id='line_1_25' title="bbox 298 4581 1563 4666; baseline 0.002 -22"><span class='ocrx_word' id='word_1_181' title='bbox 298 4595 404 4645; x_wconf 90' lang='lat' dir='ltr'>autem</span> <span class='ocrx_word' id='word_1_182' title='bbox 430 4583 580 4645; x_wconf 89' lang='lat' dir='ltr'>orientali</span> <span class='ocrx_word' id='word_1_183' title='bbox 606 4581 685 4646; x_wconf 85' lang='lat' dir='ltr'>infra</span> <span class='ocrx_word' id='word_1_184' title='bbox 711 4603 812 4665; x_wconf 88' lang='lat' dir='ltr'>usque</span> <span class='ocrx_word' id='word_1_185' title='bbox 837 4583 1007 4646; x_wconf 86' lang='lat' dir='ltr'>decursum</span> <span class='ocrx_word' id='word_1_186' title='bbox 1038 4603 1131 4664; x_wconf 92' lang='lat' dir='ltr'>aque,</span> <span class='ocrx_word' id='word_1_187' title='bbox 1156 4581 1279 4666; x_wconf 87' lang='lat' dir='ltr'>prefato</span> <span class='ocrx_word' id='word_1_188' title='bbox 1306 4585 1471 4646; x_wconf 88' lang='lat' dir='ltr'>Demetrio</span> <span class='ocrx_word' id='word_1_189' title='bbox 1495 4583 1563 4646; x_wconf 90' lang='lat' dir='ltr'>filio</span> 
     </span>
     <span class='ocr_line' id='line_1_26' title="bbox 299 4688 1564 4772; baseline 0 -22"><span class='ocrx_word' id='word_1_190' title='bbox 299 4688 432 4771; x_wconf 82' lang='lat' dir='ltr'>Georgii</span> <span class='ocrx_word' id='word_1_191' title='bbox 458 4689 682 4752; x_wconf 86' lang='lat' dir='ltr'>Boinikowich</span> <span class='ocrx_word' id='word_1_192' title='bbox 716 4689 873 4751; x_wconf 89' lang='lat' dir='ltr'>moderno</span> <span class='ocrx_word' id='word_1_193' title='bbox 905 4689 1008 4770; x_wconf 88' lang='lat' dir='ltr'>jurato</span> <span class='ocrx_word' id='word_1_194' title='bbox 1033 4703 1064 4750; x_wconf 89' lang='lat' dir='ltr'>et</span> <span class='ocrx_word' id='word_1_195' title='bbox 1095 4689 1220 4751; x_wconf 90' lang='lat' dir='ltr'>concivi</span> <span class='ocrx_word' id='word_1_196' title='bbox 1246 4703 1356 4752; x_wconf 91' lang='lat' dir='ltr'>nostro</span> <span class='ocrx_word' id='word_1_197' title='bbox 1380 4709 1438 4772; x_wconf 93' lang='lat' dir='ltr'>pro</span> <span class='ocrx_word' id='word_1_198' title='bbox 1462 4691 1564 4751; x_wconf 87' lang='lat' dir='ltr'>tribus</span> 
     </span>
     <span class='ocr_line' id='line_1_27' title="bbox 298 4795 1288 4878; baseline 0.003 -23"><span class='ocrx_word' id='word_1_199' title='bbox 298 4795 369 4858; x_wconf 91' lang='lat' dir='ltr'>flor.</span> <span class='ocrx_word' id='word_1_200' title='bbox 394 4796 462 4856; x_wconf 89' lang='lat' dir='ltr'>auri</span> <span class='ocrx_word' id='word_1_201' title='bbox 487 4795 703 4858; x_wconf 88' lang='lat' dir='ltr'>vendidimus.</span> <span class='ocrx_word' id='word_1_202' title='bbox 730 4797 846 4858; x_wconf 86' lang='lat' dir='ltr'>Datum</span> <span class='ocrx_word' id='word_1_203' title='bbox 873 4795 925 4857; x_wconf 93' lang='lat' dir='ltr'>die</span> <span class='ocrx_word' id='word_1_204' title='bbox 950 4811 981 4858; x_wconf 93' lang='lat' dir='ltr'>et</span> <span class='ocrx_word' id='word_1_205' title='bbox 1005 4815 1091 4858; x_wconf 88' lang='lat' dir='ltr'>anuo</span> <span class='ocrx_word' id='word_1_206' title='bbox 1116 4796 1288 4878; x_wconf 88' lang='lat' dir='ltr'>premissis.</span> 
     </span>
    </p>

    <p class='ocr_par' dir='ltr' id='par_1_8' title="bbox 297 4901 1563 5090">
     <span class='ocr_line' id='line_1_28' title="bbox 404 4901 1563 4983; baseline 0 -21"><span class='ocrx_word' id='word_1_207' title='bbox 404 4901 481 4963; x_wconf 88' lang='lat' dir='ltr'>Item</span> <span class='ocrx_word' id='word_1_208' title='bbox 507 4901 662 4983; x_wconf 89' lang='lat' dir='ltr'>providus</span> <span class='ocrx_word' id='word_1_209' title='bbox 694 4902 813 4964; x_wconf 88' lang='lat' dir='ltr'>Paulus</span> <span class='ocrx_word' id='word_1_210' title='bbox 844 4903 988 4964; x_wconf 85' lang='lat' dir='ltr'>literatus</span> <span class='ocrx_word' id='word_1_211' title='bbox 1021 4901 1105 4964; x_wconf 87' lang='lat' dir='ltr'>filius</span> <span class='ocrx_word' id='word_1_212' title='bbox 1137 4902 1275 4964; x_wconf 88' lang='lat' dir='ltr'>condam</span> <span class='ocrx_word' id='word_1_213' title='bbox 1301 4903 1412 4964; x_wconf 88' lang='lat' dir='ltr'>Jacobi</span> <span class='ocrx_word' id='word_1_214' title='bbox 1436 4901 1563 4981; x_wconf 89' lang='lat' dir='ltr'>sutoris,</span> 
     </span>
     <span class='ocr_line' id='line_1_29' title="bbox 297 5005 1561 5090; baseline 0 -23"><span class='ocrx_word' id='word_1_215' title='bbox 297 5006 379 5067; x_wconf 91' lang='lat' dir='ltr'>olim</span> <span class='ocrx_word' id='word_1_216' title='bbox 403 5005 496 5088; x_wconf 84' lang='lat' dir='ltr'>jurati</span> <span class='ocrx_word' id='word_1_217' title='bbox 530 5021 560 5069; x_wconf 91' lang='lat' dir='ltr'>et</span> <span class='ocrx_word' id='word_1_218' title='bbox 591 5008 733 5070; x_wconf 88' lang='lat' dir='ltr'>concivis</span> <span class='ocrx_word' id='word_1_219' title='bbox 764 5008 883 5088; x_wconf 83' lang='lat' dir='ltr'>nostri,</span> <span class='ocrx_word' id='word_1_220' title='bbox 916 5029 951 5070; x_wconf 91' lang='lat' dir='ltr'>ac</span> <span class='ocrx_word' id='word_1_221' title='bbox 983 5008 1119 5090; x_wconf 90' lang='lat' dir='ltr'>provida</span> <span class='ocrx_word' id='word_1_222' title='bbox 1150 5013 1260 5089; x_wconf 82' lang='lat' dir='ltr'>Agnes</span> <span class='ocrx_word' id='word_1_223' title='bbox 1293 5021 1393 5070; x_wconf 88' lang='lat' dir='ltr'>mater</span> <span class='ocrx_word' id='word_1_224' title='bbox 1418 5006 1561 5068; x_wconf 88' lang='lat' dir='ltr'>eiusdem</span> 
     </span>
    </p>
   </div>
   <div class='ocr_carea' id='block_1_5' title="bbox 0 0 1926 5802">
    <p class='ocr_par' dir='ltr' id='par_1_9' title="bbox 0 0 1926 5802">
     <span class='ocr_line' id='line_1_30' title="bbox 0 0 1926 5802; baseline 0 0"><span class='ocrx_word' id='word_1_225' title='bbox 0 0 1926 5802; x_wconf 95' lang='lat' dir='ltr'> </span> 
     </span>
    </p>
   </div>
  </div>
 </body>
</html>
