3810 5806
324 546 364 628 96
861 548 950 606 Anno
972 558 1061 626 1514.

322 761 448 838 lentini,
472 758 650 820 Valenthek
676 759 763 838 dicti,
795 759 937 822 concivis
969 759 1082 838 nostri,
1109 773 1180 822 eta
1212 775 1300 842 parte
1332 781 1409 822 vero
1433 762 1585 824 orientali

323 867 404 929 inter
428 865 571 928 senetutu
597 865 722 949 providi
752 865 918 927 Michaelis
950 865 1193 948 Werthirepecz
1226 869 1413 951 nuncupati,
1437 869 1585 931 similiter

322 973 463 1037 concivis
486 971 597 1052 nostri,
621 993 639 1033 a
663 985 751 1055 parte
775 992 852 1034 vcro
869 971 1061 1034 occidentali
1085 993 1186 1055 usque
1210 973 1296 1035 viam
1321 993 1528 1037 communem
1555 988 1586 1037 et

322 1079 455 1142 fluvium
481 1071 718 1142 Cher'notnercz
742 1093 891 1140 vocatum
915 1098 948 1140 se
973 1079 1211 1156 extendentem,
1240 1079 1381 1142 habitam
1408 1095 1439 1142 et
1465 1081 1586 1143 exiten-

322 1202 405 1264 tem;
429 1187 505 1248 item
538 1186 639 1248 eciam
672 1185 769 1248 aliam
800 1199 916 1247 terram
950 1199 1090 1247 nostram
1124 1204 1349 1263 communem,
1382 1187 1530 1249 similiter
1553 1187 1585 1248 in

322 1293 483 1358 territorio
500 1307 610 1355 nostro
626 1313 682 1354 seu
699 1293 836 1354 civitatis
853 1289 984 1375 prefate,
1002 1293 1084 1354 inter
1101 1291 1212 1354 senilia
1229 1293 1356 1374 providi
1375 1293 1433 1354 viri
1453 1292 1586 1376 Georgii

324 1401 424 1463 Kolar
448 1413 478 1460 et
503 1399 590 1461 Luce
615 1397 719 1461 fratris
743 1399 899 1476 eiusdem,
931 1401 971 1460 ab
1003 1399 1151 1460 orientali
1184 1413 1285 1481 parte,
1309 1419 1345 1462 ac
1370 1400 1452 1462 inter
1476 1398 1587 1462 senilia

322 1506 435 1590 prelati
460 1507 519 1568 viri
543 1506 718 1584 Valentini,
744 1505 924 1567 Valenthek
948 1505 1035 1584 dicti,
1059 1526 1077 1566 a
1101 1507 1354 1588 septemtrionali
1380 1519 1468 1588 parte
1493 1519 1524 1568 et
1547 1507 1586 1567 ab

323 1612 514 1676 occidentali
541 1613 622 1674 inter
647 1625 763 1673 terram
788 1611 942 1672 arabilem
977 1611 1102 1693 providi
1129 1627 1159 1674 et
1184 1611 1310 1674 honesti
1337 1613 1395 1673 viri
1422 1612 1586 1674 Benedicti

323 1720 430 1798 labris,
462 1733 493 1781 et
524 1739 541 1782 a
574 1717 778 1780 meridionali
804 1737 905 1799 usque
939 1717 1022 1778 viam
1056 1737 1263 1780 communem
1293 1737 1327 1780 se
1352 1719 1587 1796 extendentem,

323 1828 402 1890 duas
427 1827 529 1888 dietas
553 1826 585 1887 in
609 1845 642 1886 se
670 1825 903 1901 eontinentem,
937 1823 1079 1884 habitam
1105 1839 1136 1886 et
1169 1826 1369 1902 existentem,
1393 1825 1490 1886 simul
1514 1843 1584 1886 cum

323 1936 475 1998 omnibus
499 1933 686 1995 earumdem
712 1932 838 1993 duabus
859 1931 950 1991 terris
974 1931 1150 1992 arabilibus
1166 1951 1219 1992 sex
1245 1933 1346 1994 dietas
1370 1933 1402 1992 in
1428 1953 1460 1993 se
1485 1932 1586 1993 conti-

324 2045 473 2106 nentibus
505 2043 706 2118 utilitatibus,
735 2040 855 2116 usibus,
889 2039 1012 2120 juribus
1044 2053 1074 2100 et
1107 2040 1313 2121 pertinenciis
1345 2039 1501 2101 universis
1528 2039 1586 2100 cir·

323 2163 508 2232 cumspecto
533 2161 564 2210 et
588 2147 723 2208 honesto
755 2146 825 2207 viro
850 2145 988 2207 lobanni
1015 2146 1158 2228 Posegay
1183 2147 1301 2207 seniori
1334 2145 1431 2225 judici
1457 2160 1488 2208 et
1511 2165 1586 2208 con-

324 2257 384 2318 civi
410 2269 530 2333 nostr0,
554 2273 590 2315 ac
608 2273 664 2334 per
687 2271 760 2314 eum
785 2253 851 2314 suis
874 2252 1046 2314 heredibus
1064 2273 1122 2334 pro
1148 2251 1216 2315 flor.
1234 2267 1308 2314 octo
1333 2253 1449 2314 liberas
1465 2254 1586 2333 absque

324 2363 413 2425 omni
424 2381 521 2423 censu
539 2373 649 2422 nostro
663 2360 827 2420 communi
843 2357 911 2438 jure
925 2373 1080 2441 perpetuo
1094 2359 1298 2419 vendidimus
1312 2373 1343 2420 et
1357 2359 1586 2440 inscripsimus.

429 2468 527 2542 Quod
553 2486 612 2528 nos
635 2466 797 2547 quandam
822 2479 939 2526 terram
959 2480 1100 2526 nostram
1119 2483 1337 2542 communem,
1362 2465 1583 2546 arabilemque

324 2575 543 2659 Peschenycza
566 2585 712 2634 vocatam
739 2571 770 2632 in
792 2571 953 2633 territorio
979 2585 1088 2632 nostro
1112 2589 1169 2632 seu
1186 2570 1322 2632 civitatis
1346 2568 1478 2652 prefate,
1503 2571 1586 2631 inter

324 2680 488 2762 quoddam
507 2677 660 2740 fossatum
679 2677 777 2758 vulgo
794 2676 908 2739 Chwel
932 2677 1064 2755 dictum,
1081 2691 1226 2759 ternpore
1244 2676 1472 2737 inundacionis
1496 2675 1584 2738 fluvii

324 2788 417 2848 Zawe
442 2785 648 2862 defluentem,
673 2784 906 2846 circumvoluta
929 2798 993 2844 tam
1018 2784 1057 2844 ab
1089 2783 1236 2844 orientali
1262 2802 1359 2864 quarn
1384 2784 1487 2844 eciam
1512 2802 1583 2864 sep·

324 2891 519 2954 temtrionali
555 2910 702 2952 necnon
729 2889 931 2951 meridionali
966 2891 1119 2971 partibus,
1151 2905 1181 2950 et
1213 2891 1252 2950 ab
1278 2888 1468 2950 occidentali
1495 2903 1584 2972 parte

325 3019 426 3080 usque
451 2998 535 3058 viam
560 3015 777 3074 communem,
802 3015 864 3076 que
891 2997 994 3058 tendit
1023 2996 1137 3077 partim
1163 2997 1202 3082 ad
1228 2997 1405 3078 predictum
1432 2995 1587 3058 fossatum

326 3105 439 3168 Chwel
458 3104 578 3164 dictum
596 3101 746 3184 apresata
763 3103 965 3163 meridionali
981 3117 1067 3184 parte
1081 3101 1222 3162 habitam
1247 3118 1277 3163 et
1294 3103 1494 3180 existentem,
1509 3102 1588 3163 duas

324 3231 397 3274 curn
416 3211 522 3272 media
539 3210 641 3271 dietas
658 3209 689 3270 in
714 3229 747 3270 se
766 3211 1002 3282 continentem
1020 3211 1095 3271 item
1114 3211 1215 3271 eciam
1234 3210 1408 3290 quemdam
1428 3208 1583 3292 (h)ortum

325 3333 469 3380 nostrum
495 3335 702 3378 communem
721 3316 819 3396 vulgo
837 3315 923 3378 Olrol
941 3317 1060 3378 dictum
1082 3317 1230 3378 similiter
1247 3318 1278 3376 in
1297 3317 1458 3378 territorio
1477 3331 1586 3378 nostro

325 3445 381 3487 seu
406 3424 542 3486 civitatis
567 3420 698 3505 prefate,
724 3422 805 3484 inter
829 3423 976 3483 similiter
1005 3422 1167 3505 quandam
1192 3437 1308 3484 terram
1335 3437 1475 3484 nostram
1502 3444 1587 3486 corn·

327 3551 457 3592 munem
485 3531 546 3592 iam
573 3529 713 3591 totaliter
738 3529 769 3589 in
794 3529 930 3590 tribulos
955 3531 1127 3606 redactam,
1160 3550 1176 3590 a
1210 3545 1298 3611 parte
1323 3531 1587 3611 septemtrionali,

329 3652 359 3700 et
384 3659 400 3698 a
426 3657 517 3719 parre
550 3656 626 3697 vero
660 3636 913 3718 septemtrionali
947 3650 977 3696 et
1008 3637 1155 3696 orientali
1189 3637 1270 3696 inter
1302 3637 1454 3715 (hlortum
1486 3638 1587 3698 eciam

327 3744 414 3806 Okol
440 3743 559 3804 dictum
578 3742 703 3824 providi
729 3742 788 3802 viri
807 3739 939 3823 Georgii
958 3740 1115 3802 carnificis
1133 3743 1300 3803 Mandlecz
1318 3743 1393 3804 dicti
1418 3759 1481 3804 eta
1500 3758 1587 3825 parte

326 3869 402 3911 vero
435 3849 639 3910 meridionali
673 3849 754 3909 inter
793 3849 958 3929 quoddam
992 3846 1145 3908 fossatum
1179 3849 1277 3929 vulgo
1308 3849 1427 3910 dictum
1463 3849 1587 3926 Chwel,

327 3955 427 4016 eciam
445 3969 589 4035 ternpore
604 3954 830 4014 inundacionis
846 3953 934 4014 fluvii
950 3955 1044 4014 Zavve
1062 3953 1268 4032 defluentem,
1294 3971 1323 4016 et
1340 3956 1379 4016 ab
1397 3955 1585 4017 occidentali

327 4061 488 4122 mediante
506 4060 647 4141 quodam
666 4059 766 4120 nimio
784 4060 891 4141 spacio
909 4075 990 4121 terre
1009 4077 1115 4121 nostre
1133 4061 1382 4139 communitatis,
1400 4081 1464 4143 que
1481 4063 1587 4124 existit

328 4169 410 4229 inter
435 4166 596 4248 quandam
621 4166 706 4226 viam
732 4185 950 4243 communem,
968 4167 1110 4229 habitum
1137 4183 1166 4228 et
1184 4170 1382 4242 existentem,
1407 4188 1504 4230 unam
1521 4169 1587 4230 die-

326 4290 391 4336 tam
417 4275 447 4335 in
474 4293 505 4333 se
530 4273 767 4348 continentem
801 4273 876 4334 item
903 4275 1004 4334 eciam
1030 4275 1116 4334 aliud
1150 4276 1305 4352 thlortum
1332 4290 1474 4337 nostrum
1500 4296 1587 4338 cotn-

327 4399 458 4443 munem
484 4379 632 4441 similiter
656 4380 687 4440 in
712 4380 873 4441 territorio
906 4395 1016 4442 nostro
1040 4401 1096 4441 seu
1129 4381 1266 4442 civitatis
1297 4379 1418 4463 presate
1443 4383 1524 4444 inter
1547 4383 1586 4444 si-

328 4486 447 4549 militer
472 4486 629 4568 quosdam
655 4486 736 4547 duos
760 4485 896 4568 (h)ortos
920 4503 1045 4548 nostros
1075 4507 1264 4549 communes
1287 4488 1412 4550 tribulis
1436 4505 1587 4567 excretos,

328 4597 367 4656 ab
392 4593 539 4656 orientali
564 4607 663 4674 parte,
688 4607 719 4654 et
753 4613 770 4653 a
802 4593 1007 4654 meridionali
1040 4594 1122 4654 inter
1153 4594 1314 4675 quandam
1340 4607 1456 4656 terram
1482 4609 1588 4658 nostre

328 4701 578 4779 communitatis,
613 4713 644 4760 et
675 4719 692 4760 a
724 4700 978 4780 septemtrionali
1012 4715 1099 4782 parte
1133 4701 1213 4762 inter
1245 4700 1409 4782 quoddam
1434 4699 1586 4764 fossatum

328 4809 427 4889 vulgo
451 4807 551 4868 eciam
577 4805 690 4868 Chwel
715 4805 848 4882 dictum,
873 4823 1017 4888 tempore
1050 4807 1276 4868 inundacionis
1300 4807 1389 4868 fluvii
1414 4807 1509 4870 Zawe
1533 4809 1586 4871 de·

330 4915 492 4992 fluentem,
517 4933 615 4994 penes
638 4927 669 4974 et
694 4913 724 4973 in
751 4914 900 4993 contigua
937 4915 1097 4974 vicinitate
1133 4912 1279 4975 senilium
1307 4913 1588 4997 Knesynschyczas

330 5023 440 5103 dictas,
464 5021 608 5082 habitum
634 5035 664 5082 et
693 5021 891 5098 existentem,
925 5022 1064 5082 mediam
1100 5021 1218 5083 dietant
1245 5022 1276 5082 in
1301 5042 1333 5081 se
1359 5022 1587 5100 continentem,
