3842 5802
395 552 413 612 8
923 553 1009 609 Anno
1033 561 1123 626 1472.

395 764 551 825 universis
585 759 888 844 supraspecilicatis,
924 779 982 820 nec
1018 780 1074 842 per
1105 779 1156 822 me
1192 759 1321 822 fratrem
1359 759 1548 821 Michaelem
1584 771 1656 820 actu

394 871 546 953 priorem,
572 889 629 929 nec
653 889 710 950 per
735 887 824 928 meos
848 885 1045 927 successores
1073 886 1109 928 ac
1141 867 1221 928 alios
1244 863 1356 928 fratres
1388 866 1522 948 predicti
1559 865 1656 926 nostri

393 976 517 1036 ordinis
541 974 782 1036 Predicatorum
807 972 953 1034 eiusdem
978 973 1117 1052 claustri,
1143 973 1176 1034 in
1193 992 1262 1034 mea
1288 991 1324 1034 ac
1348 973 1452 1034 tocius
1477 986 1657 1034 conventus

395 1096 424 1143 et
451 1079 583 1141 fratrum
608 1079 731 1140 ordinis
749 1078 988 1140 Predicatorum
1007 1078 1210 1159 presencium
1227 1092 1257 1139 et
1275 1077 1455 1140 futurorum
1482 1077 1513 1138 in
1541 1077 1655 1139 eodem

393 1207 451 1271 pro
474 1201 620 1270 tempore
643 1185 835 1267 degencium
859 1184 1004 1266 personis
1032 1187 1132 1262 (deest)
1157 1185 1267 1266 vigore
1292 1184 1446 1266 presentis
1467 1183 1575 1265 scripti
1602 1203 1655 1244 su-

393 1293 525 1375 perinde
544 1291 693 1370 conlecti,
716 1303 830 1372 sponte
849 1309 901 1352 me
919 1309 954 1352 ac
972 1289 1071 1352 libere
1095 1290 1239 1371 obligare
1257 1289 1465 1372 compromisi
1484 1289 1602 1371 pariter
1627 1303 1657 1350 et

393 1399 522 1460 assensi.
559 1397 593 1458 ln
618 1417 757 1479 quorum
781 1396 928 1458 omniurn
963 1397 1071 1475 robur,
1111 1396 1308 1478 evidensque
1341 1395 1562 1457 testimonium
1600 1394 1657 1456 has

393 1519 556 1586 presentes
572 1503 667 1565 scribi
692 1501 752 1564 leci
770 1517 800 1563 et
824 1501 932 1583 sigillo
957 1500 1054 1590 officii
1072 1501 1171 1562 nostri
1189 1515 1366 1564 conventus
1390 1500 1542 1583 pendenti
1570 1521 1656 1562 com·

395 1611 530 1674 munivi.
569 1611 686 1672 Datum
723 1608 800 1671 feria
840 1623 952 1690 quarta
988 1609 1133 1690 proxima
1165 1623 1238 1670 ante
1270 1606 1386 1670 festum
1416 1605 1655 1669 Purificacionis

396 1718 488 1778 beate
521 1717 662 1798 virginis.
694 1721 790 1776 Anno
816 1715 947 1776 Domini
973 1715 1147 1776 millesimo
1176 1714 1495 1795 quadringentesimo
1528 1726 1655 1795 septua-

391 1823 518 1904 gesimo
543 1822 697 1885 secundo.

500 1927 597 2002 Quod
622 1927 697 2008 quia
723 1925 884 2007 Georgius
908 1926 1048 2007 agricola
1082 1923 1168 1987 filius
1200 1924 1337 1987 condam
1371 1925 1496 1987 Nicolai
1521 1923 1578 1986 filii
1604 1926 1656 1986 Jo-

393 2035 507 2095 hannis
549 2034 628 2095 olim
660 2033 802 2095 concivis
835 2033 953 2110 nostri,
986 2032 1182 2094 inhabitator
1217 2031 1363 2093 suburbii
1395 2031 1477 2092 dicte
1510 2031 1657 2110 civitatis,

392 2140 539 2202 vendidit
564 2139 728 2221 quandam
760 2138 949 2220 particulam
982 2137 1149 2200 cuiusdam
1181 2137 1245 2199 loci
1278 2138 1328 2198 sui
1359 2136 1555 2216 sessionalis,
1579 2138 1657 2198 alias

392 2243 549 2307 hedificiis
574 2245 728 2324 destituti,
753 2245 785 2306 in
817 2244 973 2305 suburbio
1007 2244 1091 2304 dicte
1116 2243 1253 2306 civitatis
1285 2244 1317 2304 in
1349 2243 1500 2325 opposito
1525 2243 1656 2304 ecclesie

392 2366 498 2414 nostre
523 2353 623 2414 sancti
649 2351 778 2413 Martini
804 2349 1009 2430 confessoris,
1044 2365 1074 2412 et
1106 2350 1188 2412 inter
1222 2349 1368 2429 domum,
1393 2348 1596 2431 fundumque
1620 2369 1656 2410 ac

393 2456 542 2519 hedificia
566 2456 682 2540 prelati
708 2457 841 2539 Georgii
866 2456 1007 2538 agricole
1032 2476 1049 2518 a
1073 2469 1162 2539 parte
1179 2455 1433 2538 septemtrionali
1459 2455 1656 2538 incipiendo,

392 2577 524 2646 aparte
549 2564 699 2626 orientali
724 2564 756 2625 in
789 2563 930 2646 quadam
964 2577 1068 2626 statua
1101 2576 1305 2625 concremata
1335 2563 1367 2624 in
1393 2562 1533 2644 quadam
1558 2563 1656 2624 domo

392 2670 569 2731 liberorum
602 2689 659 2732 seu
691 2689 911 2732 successorum
944 2670 1053 2732 relicte
1085 2670 1222 2731 condam
1255 2670 1381 2732 Nicolai
1414 2669 1569 2749 Chehko,
1601 2669 1656 2730 ubi

391 2795 490 2858 penes
522 2776 657 2838 eandem
690 2789 826 2838 statuam
859 2776 940 2858 lapis
973 2777 1071 2837 silicis
1096 2776 1128 2837 in
1159 2789 1242 2838 terra
1274 2789 1321 2838 est
1345 2775 1459 2856 fossus,
1483 2791 1514 2839 et
1538 2776 1656 2839 abinde

392 2881 510 2943 directe
535 2881 741 2964 procedendo
760 2882 800 2944 ad
826 2897 947 2965 partem
984 2882 1219 2944 occidentalem
1251 2882 1397 2964 pervenit
1429 2883 1470 2943 ad
1501 2902 1592 2966 sepes
1615 2882 1655 2944 ad

392 2987 555 3070 quendam
579 2988 690 3070 palum
723 2989 755 3050 in
786 2990 927 3070 sepibus,
949 2991 1003 3050 ubi
1037 2989 1137 3050 eciam
1173 3008 1272 3070 penes
1304 2989 1385 3071 lapis
1416 2989 1515 3051 silicis
1538 3002 1585 3051 est
1609 2989 1656 3050 in-

392 3093 507 3174 fossus,
532 3095 677 3157 vendidit
700 3095 835 3178 provide
860 3095 987 3157 mulieri
1014 3096 1115 3157 Elena
1137 3109 1249 3159 vocate
1274 3095 1458 3178 Maybenna
1480 3096 1574 3174 dicte,
1592 3095 1655 3157 filie

391 3203 528 3263 condam
555 3201 733 3264 Clementis
757 3199 916 3284 pellificis,
940 3202 1020 3264 olim
1055 3203 1198 3264 concivis
1230 3204 1341 3282 nostri,
1366 3217 1397 3264 et
1422 3202 1581 3284 Gregorio
1605 3223 1655 3263 su-

393 3311 454 3370 tori
480 3310 596 3371 marito
621 3309 766 3370 eiusdem
792 3310 913 3370 utiam
939 3309 1033 3370 novis
1058 3309 1247 3370 concivibus
1272 3309 1387 3370 nostris
1411 3323 1442 3370 et
1466 3328 1577 3370 eorum
1602 3308 1656 3370 he·

394 3415 524 3476 redibus
547 3434 605 3496 pro
631 3428 704 3476 octo
729 3414 811 3493 flor,
837 3414 943 3476 eidem
968 3413 1112 3496 Georgio
1137 3435 1193 3497 per
1222 3415 1358 3477 eandem
1386 3415 1520 3476 Elenam
1545 3415 1657 3476 solutis

394 3520 548 3604 plenarie,
573 3521 678 3582 taliter
694 3534 813 3599 tamen,
831 3521 920 3601 quod
944 3521 969 3581 si
995 3521 1096 3603 ipsam
1115 3522 1249 3582 Eleuam
1267 3523 1355 3604 prius
1372 3535 1403 3582 et
1426 3535 1499 3582 ante
1516 3521 1653 3582 eundem

394 3626 588 3706 Gregorium
614 3627 764 3688 maritum
801 3647 895 3688 suum
927 3629 1010 3689 mori
1044 3629 1224 3709 contigerit,
1256 3641 1331 3690 tunc
1362 3627 1476 3690 eadem
1502 3628 1655 3690 medietas

394 3732 536 3794 eiusdem
563 3733 680 3795 domus
703 3747 734 3795 et
759 3732 849 3794 fundi
868 3734 898 3794 in
921 3735 1059 3796 eundem
1079 3733 1273 3816 Gregorium
1300 3735 1514 3798 condescendi
1539 3735 1654 3812 valeat,

394 3839 455 3900 alia
480 3859 556 3900 vero
581 3839 737 3902 medietas
760 3841 856 3901 vendi
882 3855 912 3902 et
936 3861 994 3924 pro
1019 3842 1125 3904 anima
1143 3842 1287 3904 eiusdem
1311 3843 1450 3924 exponi3
1468 3843 1520 3903 ubi
1547 3857 1653 3902 autem

393 3946 499 4028 ipsum
518 3945 713 4027 Gregorium
731 3947 819 4028 prius
835 3961 909 4008 ante
926 3947 1062 4009 eandem
1081 3949 1162 4009 mori
1181 3949 1361 4030 contigerit,
1386 3963 1516 4012 extunc
1543 3947 1655 4009 eadem

394 4065 460 4114 tota
484 4052 600 4114 domus
625 4066 656 4114 et
680 4051 799 4115 fundus
822 4053 918 4114 unius
942 4067 1053 4135 quarte
1078 4055 1165 4116 curie
1190 4055 1222 4115 in
1256 4055 1392 4116 eandem
1419 4055 1554 4116 Elenam
1578 4073 1655 4115 con·

395 4158 546 4220 descendi
571 4159 686 4222 valeat.
713 4159 816 4241 Super
833 4179 898 4242 quo
915 4175 990 4221 sunt
1007 4161 1052 4222 eis
1068 4161 1160 4223 litere
1179 4162 1261 4224 dicte
1279 4162 1415 4223 civitatis
1439 4160 1656 4243 privilegiales

393 4266 452 4326 sub
477 4266 584 4346 sigillo
609 4266 693 4328 dicte
718 4267 854 4329 civitatis
879 4269 1045 4330 communi
1069 4269 1207 4350 sigillate
1232 4283 1263 4331 et
1286 4283 1441 4332 emanata.

501 4373 598 4447 Quod
613 4375 688 4455 quia
702 4375 749 4435 vir
760 4375 914 4456 providus
923 4388 953 4438 et
962 4375 1116 4438 honestus
1132 4375 1293 4457 Georgius
1308 4375 1393 4438 filius
1410 4376 1547 4438 condam
1562 4376 1655 4437 Etne·

394 4481 449 4541 rici
475 4481 592 4542 sutoris
617 4481 768 4565 Koczyan
787 4481 874 4560 dicti,
899 4483 978 4544 olim
997 4481 1136 4546 concivis
1154 4484 1265 4562 nostri,
1282 4483 1429 4544 vendidit
1446 4503 1542 4544 unam
1561 4503 1655 4564 quar·

394 4601 457 4648 tam
484 4587 581 4664 curie,
606 4586 788 4668 domusque
813 4602 843 4649 et
868 4587 960 4649 fundi
983 4603 1013 4650 et
1035 4588 1259 4651 hedificiorum
1285 4591 1317 4651 in
1335 4591 1406 4652 vico
1431 4589 1579 4652 exteriori
1604 4609 1655 4650 su·

392 4707 512 4770 torum,
537 4693 643 4774 ipsum
667 4707 739 4774 post
763 4694 889 4755 obitum
914 4693 1027 4775 prefati
1057 4695 1195 4756 condam
1228 4695 1367 4757 Emerici
1392 4695 1562 4778 patrissui
1588 4695 1655 4777 jure

393 4799 587 4860 hereditario
612 4815 870 4879 concernentem,
895 4801 985 4861 cuius
1002 4803 1098 4862 aliam
1128 4803 1331 4864 medietatem
1351 4802 1505 4884 providus
1529 4803 1577 4862 vir
1595 4802 1654 4862 Va·

393 4905 534 4967 lentinus
557 4921 646 4966 sutor
668 4903 753 4967 filius
781 4907 876 4968 Blasii
903 4907 942 4968 de
969 4907 1124 4990 Brezthye
1141 4909 1331 4970 donacionis
1354 4909 1448 4970 titulo
1473 4911 1513 4970 ab
1538 4909 1652 4970 eodem

395 5012 533 5076 condam
561 5013 708 5076 Emerico
733 5031 853 5097 genero
877 5032 936 5078 suo
962 5013 1135 5082 literatorie
1168 5015 1345 5082 dinoscitur
1369 5014 1544 5104 possidere,
1570 5015 1654 5081 idem
