3810 5806
811 1615 940 1716 (Anno
967 1614 1125 1703 Domini
1152 1612 1306 1712 movi)

443 1955 530 2032 Item
558 1957 592 2031 in
622 1978 716 2030 anno
747 1953 891 2029 Domini
920 1953 1107 2028 millesimo
1147 1952 1438 2052 quingentesimo
1468 1959 1574 2027 sexto
1614 1958 1705 2026 tem·

442 2103 531 2179 pore
559 2079 727 2154 videlicet
754 2079 856 2154 tercii
887 2077 1069 2175 judicatus
1107 2077 1357 2174 circumspecti
1397 2084 1434 2150 et
1468 2075 1612 2150 honesti
1640 2076 1705 2148 viri

442 2203 595 2280 Emerici
639 2202 838 2304 Mykwlych
879 2200 937 2277 filii
980 2201 1166 2290 Demetrii,
1210 2201 1370 2276 moderni
1407 2199 1537 2298 judicis
1580 2199 1707 2287 nostri,

442 2352 594 2428 presens
633 2335 842 2428 quaternum
881 2335 939 2400 est
975 2327 1216 2424 conscriptum
1253 2325 1309 2399 die
1346 2324 1524 2398 dominico
1559 2323 1592 2397 in
1622 2346 1705 2422 pro·

720 2449 818 2525 festo
849 2447 1104 2523 Purificacions
1132 2449 1242 2524 beate
1270 2447 1431 2547 virginis.

954 2673 991 2738 (1.
1010 2661 1187 2737 februario).

551 2821 648 2894 Quod
674 2819 748 2901 quia
774 2839 833 2880 nos
858 2819 1072 2880 communitas
1101 2817 1382 2898 Montisgrecensis
1418 2815 1585 2898 quoddam
1611 2813 1708 2876 fenile

445 2943 601 3005 nostrum,
627 2929 715 3009 prius
739 2926 976 3003 condicionale,
1002 2919 1122 3006 et'pro
1152 2945 1237 2986 nunc
1271 2925 1465 3000 libertatum,
1491 2924 1522 2984 in
1547 2923 1708 2983 territorio

445 3047 554 3095 nostro
579 3053 634 3094 seu
661 3032 797 3093 civitatis
822 3031 942 3113 prefate
978 3032 1009 3092 in
1042 3050 1158 3112 campo
1190 3045 1300 3091 nostro
1325 3029 1558 3111 Czirquischya
1584 3043 1708 3104 vocato,

445 3142 527 3202 inter
552 3139 661 3201 fenilio
686 3139 834 3200 similiter
859 3153 964 3200 nostra
990 3138 1187 3216 communia,
1212 3139 1251 3198 ab
1268 3137 1418 3198 orientali
1444 3148 1543 3218 parte,
1568 3137 1607 3196 ab
1626 3135 1708 3196 occi·

445 3247 565 3307 dentali
591 3260 622 3308 et
646 3266 663 3306 a
689 3245 893 3306 meridionali
913 3244 1056 3325 partibus
1073 3243 1173 3325 spinis
1197 3258 1228 3304 et
1244 3244 1396 3323 vepribus
1413 3242 1556 3322 undique
1575 3241 1708 3302 circum-

445 3352 566 3427 voluta,
592 3351 735 3412 habitum
762 3365 791 3411 et
817 3351 965 3427 existens,
991 3349 1095 3430 ipsum
1128 3349 1251 3410 scilicet
1273 3347 1373 3410 fenile
1405 3363 1512 3408 nostre
1537 3346 1709 3408 collacioni

446 3457 646 3534 devolutum,
663 3456 758 3517 simul
784 3476 856 3516 cum
875 3457 1027 3516 omnibus
1043 3455 1187 3516 eiusdem
1206 3455 1285 3537 prati
1304 3475 1361 3516 seu
1378 3452 1486 3516 fenilis
1508 3452 1710 3529 utilitatibus,

447 3564 567 3640 juribus
603 3577 633 3624 et
658 3562 864 3644 pertinenciis
889 3562 1045 3622 universis
1078 3563 1146 3622 viro
1180 3561 1316 3641 provido
1341 3575 1372 3622 et
1396 3561 1531 3622 honesto
1558 3558 1709 3621 Michaeli

445 3670 582 3746 literato,
607 3669 764 3729 moderno
788 3669 911 3728 decano
945 3681 1065 3742 nostr0,
1098 3687 1133 3728 ac
1166 3687 1222 3749 per
1252 3687 1324 3728 eum
1351 3669 1417 3728 suis
1448 3666 1628 3728 heredibus
1652 3685 1711 3746 pro

446 3796 500 3837 sex
524 3775 594 3837 flor.
619 3776 698 3852 auri,
731 3795 787 3856 per
820 3774 958 3835 eundem
985 3773 1175 3836 Michaelem
1209 3773 1366 3834 decanum
1399 3773 1493 3834 nobis
1529 3772 1711 3854 persolutis,

447 3883 653 3943 vendidimus
684 3895 715 3943 et
746 3881 944 3942 contulimus
976 3880 1043 3961 jure
1076 3895 1233 3962 perpetuo
1262 3894 1293 3942 et
1326 3879 1579 3941 irrevocabiliter
1611 3878 1712 3961 possi·

448 3988 609 4064 dendum;
635 3989 684 4048 cui
710 3988 783 4048 data
808 4003 854 4048 est
879 3988 971 4049 litera
997 3987 1216 4068 privilegialis.
1254 3987 1372 4048 Datum
1398 3986 1430 4048 iu
1455 3984 1536 4048 festo
1562 3984 1712 4047 Purifica-

449 4095 551 4156 cionis
575 4095 687 4172 Marie,
712 4113 798 4155 anno
823 4092 956 4175 prefato.

556 4201 653 4274 Quod
679 4201 753 4280 quia
779 4220 838 4261 nos
860 4201 1074 4260 communitas
1100 4199 1380 4279 Montisgrecensis
1407 4199 1570 4280 quandam
1595 4212 1713 4260 terram

450 4321 592 4368 nostram
616 4307 763 4384 liberam,
787 4305 866 4366 duas
883 4305 984 4366 dietas
1009 4305 1039 4365 in
1065 4325 1097 4365 se
1115 4307 1347 4382 continentem,
1373 4305 1412 4365 ad
1431 4324 1489 4366 nos
1514 4305 1714 4380 devolutam,

450 4413 482 4474 in
507 4412 685 4473 monticulo
711 4411 803 4472 llicza
828 4425 942 4472 vocato
959 4426 989 4472 et
1013 4411 1174 4473 territorio
1204 4425 1324 4490 nostro,
1342 4412 1424 4472 inter
1445 4411 1574 4472 vineam
1593 4409 1713 4472 Matbei

452 4517 621 4602 Zuachych
648 4517 724 4578 dicti
761 4531 791 4578 et
814 4531 896 4578 terre
921 4531 1027 4578 nostre
1060 4518 1241 4578 communis
1273 4516 1533 4596 ameridionali,
1565 4517 1605 4577 ab
1631 4516 1715 4578 occi-

452 4625 573 4686 dentali
598 4643 675 4685 vero
700 4625 782 4686 inter
802 4625 928 4685 vineam
949 4623 1115 4685 Michaelis
1134 4623 1291 4706 pellificis,
1318 4624 1465 4686 moderni
1490 4622 1585 4704 jurati
1603 4623 1715 4702 nostri,

452 4751 470 4792 a
495 4745 584 4812 parte
607 4730 860 4811 septemtrionali
886 4732 938 4791 via
962 4731 1144 4791 communis
1169 4731 1273 4791 eidem
1300 4732 1393 4792 vinee
1419 4729 1585 4792 Michaelis
1610 4730 1716 4792 deser·

452 4837 543 4896 viens
566 4850 597 4897 et
620 4835 702 4914 aliis,
726 4837 766 4897 ab
791 4835 939 4897 orientali
965 4855 1040 4896 vero
1066 4836 1214 4897 similiter
1230 4837 1280 4898 via
1306 4837 1501 4916 communia,
1525 4836 1668 4898 habitam
1686 4853 1719 4899 et

455 4944 654 5021 existentem,
679 4942 776 5003 simul
800 4962 871 5004 cum
898 4944 1049 5002 omnibus
1082 4943 1224 5003 eiusdem
1250 4957 1332 5004 terre
1366 4943 1568 5021 utilitatibus,
1592 4943 1718 5022 juribus

456 5062 486 5109 et
510 5049 716 5130 pertinenciis
740 5049 908 5128 universis,
933 5049 1081 5130 prudenti
1100 5063 1131 5110 et
1155 5050 1386 5133 circumspecto
1404 5049 1554 5112 Emerico
1578 5049 1718 5130 literato,
