3842 5802
583 1605 710 1703 (Auno
738 1605 895 1693 Domini
922 1604 1240 1705 MOCOOLXXVl

844 1821 948 1830 *—

265 1939 355 2015 Item
380 1964 472 2016 anno
495 1939 637 2016 Domini
666 1941 852 2016 millesimo
878 1941 1232 2041 quadringentesimo
1254 1945 1528 2042 septuagesimo

266 2063 400 2162 quinto,
428 2074 594 2164 tempore
633 2064 802 2141 videlicet
832 2064 1012 2162 judicatus
1038 2065 1208 2166 Johannis
1247 2066 1305 2142 filii
1344 2066 1528 2144 Michaelis

265 2187 428 2284 (judicis)
439 2189 594 2263 civitatis
615 2197 821 2288 prenotate,
842 2213 992 2288 presens
1013 2197 1196 2266 caternum
1217 2191 1418 2266 estfactum
1439 2191 1531 2267 feria

264 2313 380 2387 tercia
420 2315 584 2412 proxima
622 2321 706 2386 ante
740 2312 871 2387 festum
915 2313 1181 2389 Purificacionis
1224 2316 1371 2414 virginis
1415 2313 1528 2391 Marie

264 2436 426 2534 proxime
459 2443 656 2526 venturum,
686 2459 794 2534 super
822 2437 1087 2534 registracione
1117 2438 1297 2514 literarum
1326 2439 1528 2539 privilegia-

263 2559 348 2634 liom
386 2561 510 2634 civium
541 2568 579 2634 et
615 2559 891 2634 inhabitatorum
932 2561 1087 2636 civitatis
1120 2570 1325 2661 prenotate,
1354 2565 1462 2638 modo
1492 2573 1530 2638 et

690 2683 813 2758 ordine
842 2683 1090 2784 infrascriptis.

346 2954 441 3025 Feria
471 2955 576 3028 tercia
607 2959 762 3044 proxima
791 2963 869 3028 aute
899 2959 1023 3028 testum
1053 2957 1308 3029 Purificactonis
1341 2959 1456 3029 llarie.

783 3203 846 3273 (31.
863 3199 1028 3272 januarii).

372 3336 492 3414 Primo,
517 3336 604 3417 quod
630 3337 784 3400 discretus
809 3339 855 3400 vir
879 3352 909 3400 et
934 3339 1060 3420 providi
1086 3338 1144 3399 viri
1170 3339 1321 3400 dominus
1345 3338 1528 3400 Demetrius

265 3443 433 3522 presbiter,
459 3441 573 3504 Gallus
608 3443 763 3504 Kodelicz
796 3445 909 3522 dictus,
941 3445 1086 3505 Andreas
1120 3464 1252 3526 arcupar
1296 3459 1327 3506 et
1351 3445 1525 3506 Katherina

265 3549 375 3610 relicta
400 3549 537 3610 condam
562 3549 621 3609 viri
647 3549 792 3611 similiter
816 3551 940 3632 providi
962 3551 1079 3612 Mathie
1105 3552 1265 3632 aucuparis
1290 3549 1346 3612 filii
1371 3551 1528 3612 Johannis

264 3653 305 3714 de
331 3653 468 3737 Zynche,
493 3655 641 3716 concives
674 3655 784 3733 nostri,
815 3655 963 3736 legittimi
997 3671 1180 3717 executores
1211 3655 1391 3717 testamenti
1418 3655 1526 3737 scripti

264 3760 409 3820 eiusdem
436 3760 556 3821 Mathie
580 3761 752 3842 aucuparis,
777 3762 856 3822 olim
889 3759 983 3840 jurati
1009 3775 1039 3824 et
1071 3761 1213 3823 concivis
1238 3761 1348 3840 nostri,
1374 3761 1526 3822 vendide-

264 3881 339 3928 runt
362 3869 525 3948 quandam
550 3868 662 3929 silvam
688 3867 831 3930 eiusdem
851 3867 970 3929 Mathia
995 3869 1156 3950 arcuparis
1175 3869 1205 3930 in
1231 3868 1391 3929 territorio
1417 3883 1526 3929 nostro

262 3993 320 4035 seu
345 3973 427 4035 dicte
452 3974 588 4036 civitatis
612 3973 736 4036 Gochel
754 3974 904 4056 apellatO,
923 3975 1004 4035 iuter
1020 3974 1133 4034 silvam
1151 3974 1210 4034 viri
1229 3973 1355 4056 providi
1371 3974 1525 4035 Anthonii

262 4080 322 4142 lilii
346 4081 475 4142 Thome
501 4081 541 4142 de
564 4081 723 4159 Klokoch,
754 4081 890 4142 senioris
921 4080 1045 4162 judicis,
1078 4102 1094 4141 a
1128 4095 1215 4162 parte
1241 4080 1457 4159 meridionali,
1490 4101 1526 4142 ac

263 4187 348 4247 inter
372 4188 497 4248 vineam
532 4201 563 4249 et
592 4188 703 4248 silvam
737 4186 850 4269 prelati
885 4187 1021 4250 condam
1051 4186 1170 4250 Mathie
1203 4187 1364 4268 arcoparis
1396 4201 1526 4269 aparte

261 4293 517 4374 septemtrionali
541 4293 693 4371 habitam,
718 4293 950 4375 quamquidem
975 4293 1087 4354 silvam
1113 4307 1197 4355 mete
1228 4293 1406 4375 subscripte
1439 4313 1456 4354 a
1481 4294 1525 4354 vi-

262 4400 333 4460 neis
357 4414 387 4460 et
410 4400 499 4460 silvis
534 4399 726 4462 vicinalibus
756 4401 800 4460 sic
833 4415 980 4481 separant
1013 4413 1043 4460 et
1075 4399 1287 4480 distinguunt,
1312 4399 1398 4480 quod
1424 4399 1525 4480 prima

262 4519 348 4566 meta
372 4505 523 4568 videlicet
547 4526 564 4566 a
589 4506 673 4567 dicta
697 4507 775 4568 silva
801 4505 914 4588 prelati
937 4505 1093 4566 Anthonii
1117 4503 1232 4586 judicis
1257 4525 1272 4565 a
1299 4503 1420 4586 prefata
1437 4517 1526 4586 parte

261 4611 468 4673 meridionali
493 4612 563 4689 sita,
588 4613 699 4694 incipit
723 4613 860 4694 desuper
884 4613 1005 4674 scilicet
1038 4632 1055 4672 a
1080 4611 1130 4672 via
1163 4613 1203 4672 ab
1228 4611 1392 4672 occidente
1419 4611 1524 4671 habita

262 4731 295 4779 et
318 4718 408 4779 vadit
431 4717 511 4779 infra
538 4719 577 4779 ad
602 4719 761 4781 orientem
787 4739 843 4800 per
874 4732 992 4779 metam
1018 4717 1111 4778 vallis
1143 4717 1312 4779 ducentem
1339 4718 1378 4778 ad
1403 4717 1524 4778 iontem

262 4825 295 4885 in
321 4825 391 4906 ipso
415 4839 523 4886 meatu
549 4825 640 4886 vallis
665 4824 820 4903 habitum,
845 4839 875 4885 et
900 4845 956 4906 per
988 4824 1126 4885 rivulum
1162 4825 1305 4885 eiusdem
1332 4824 1429 4884 fontis
1454 4823 1524 4882 des-

261 4931 370 4990 cendit
394 4930 434 4990 ad
458 4931 591 4992 fluvium
611 4931 818 4992 Kuhinschak
835 4945 995 5008 vocatum,
1018 4931 1135 4992 deinde
1160 4951 1215 5012 per
1233 4931 1370 4992 eundem
1389 4929 1522 4990 fluvium

262 5035 472 5104 Kubinscbalc
489 5037 631 5104 ascendit
644 5039 683 5103 ad
697 5039 814 5104 dictam
827 5037 1120 5123 septemtrionalem
1135 5053 1255 5124 partem
1273 5039 1302 5098 in
1316 5038 1401 5100 bono
1415 5036 1523 5118 spacio
