3804 5798
417 577 476 654 158
959 577 1144 639 ravenaria.

411 791 537 852 rubrica
563 789 766 868 ‹lntroitus‹,
791 804 821 852 et
845 791 876 851 in
902 789 964 853 fine
994 791 1137 853 eiusdem
1172 790 1212 852 de
1243 790 1355 852 eadem
1381 789 1471 852 litera
1495 788 1566 850 finit
1592 788 1674 849 ›dis-

412 896 539 978 cipulus
562 896 595 958 in
619 915 742 960 suamc.

518 1002 607 1082 Item,
631 1019 731 1064 unum
750 1003 878 1065 Missale
903 1023 976 1065 cum
995 1003 1183 1066 kalendario
1200 1017 1231 1065 et
1255 1001 1445 1082 exorcismo,
1469 1001 1673 1080 indumento,

416 1107 660 1170 Prefacionibus
684 1129 720 1171 ac
745 1109 879 1172 Canone
904 1113 944 1174 ab
969 1125 1053 1190 ante,
1079 1124 1110 1174 et
1141 1111 1255 1194 incipit
1278 1131 1352 1173 cum
1386 1110 1511 1172 rubrica
1539 1109 1593 1171 ›ln
1619 1108 1675 1170 ad·

415 1230 513 1278 ventu
538 1216 662 1278 domini
697 1232 789 1296 etc.‹,
822 1232 853 1279 et
885 1219 916 1280 in
950 1217 1013 1280 fine
1048 1219 1151 1301 prime
1183 1217 1299 1300 pagine
1334 1217 1467 1280 secundi
1503 1214 1573 1278 lolii
1606 1213 1676 1278 finit

415 1342 547 1384 >omnes
571 1323 670 1385 sancti
696 1324 797 1403 eius«,
822 1339 853 1386 et
877 1325 909 1387 in
933 1323 996 1387 fine
1025 1324 1095 1388 finit
1132 1326 1327 1388 »clementer
1350 1324 1530 1407 expediat«.
1557 1323 1675 1385 Procu-

412 1443 498 1491 ratus
521 1449 577 1512 per
601 1431 685 1490 bone
710 1431 865 1492 memorie
891 1431 1061 1493 dominum
1086 1431 1267 1495 lohanuem
1292 1414 1556 1495 archidiaconum
1581 1429 1674 1490 dubi-

412 1555 551 1615 censem,
576 1551 672 1618 prout
696 1537 728 1598 in
754 1535 816 1600 fine
841 1538 984 1600 eiusdem
1011 1539 1084 1600 libri
1109 1553 1251 1621 apparet.

518 1641 607 1722 Item,
632 1662 733 1704 unum
758 1643 845 1704 aliud
865 1645 992 1706 Missale
1010 1663 1130 1707 novum
1149 1665 1221 1708 cum
1242 1645 1441 1725 kalendario,
1465 1643 1674 1728 preambulis,

310 1746 318 1758 '
416 1747 659 1811 Prelacionibus
682 1763 714 1811 et
731 1749 866 1813 Canone
884 1754 923 1812 ab
941 1767 1025 1830 ante,
1048 1765 1079 1814 et
1102 1751 1215 1836 incipit
1235 1773 1308 1815 curn
1334 1753 1458 1814 rubrica
1489 1751 1543 1812 »ln
1568 1751 1673 1812 dorni-

413 1856 482 1917 nica
507 1857 643 1939 prima«,
677 1871 707 1918 et
740 1858 772 1920 in
804 1857 866 1920 fine
899 1859 1001 1941 prime
1037 1860 1154 1942 pagine
1189 1860 1321 1922 secundi
1358 1859 1428 1921 folii
1462 1857 1532 1920 finit
1558 1877 1672 1919 »amen

414 1961 520 2040 dicoc,
545 1961 667 2024 habens
692 1963 723 2024 in
741 1962 805 2025 fine
823 1964 1021 2046 Sequencias
1046 1967 1113 2028 sine
1132 1979 1218 2044 nota,
1243 1979 1274 2028 et
1298 1965 1368 2028 finit
1392 1966 1473 2027 liber
1497 1965 1536 2027 de
1562 1964 1673 2026 eadem

413 2068 518 2130 littera
546 2070 659 2130 »nobis
684 2069 758 2131 dare
782 2071 940 2152 gaudia‹;
966 2072 1054 2154 quod
1074 2073 1213 2151 missale,
1231 2075 1316 2135 boue
1341 2072 1497 2134 memorie
1523 2071 1675 2133 dominus

414 2175 539 2236 Blasius
555 2175 674 2257 legavit
690 2196 748 2258 pro
765 2178 928 2258 prebenda
945 2192 1128 2240 sanctorum
1146 2179 1265 2242 Cosme
1279 2193 1310 2241 et
1325 2178 1475 2240 Damiani
1496 2178 1673 2240 martirum.

518 2281 606 2362 ltem,
631 2283 712 2346 liber
737 2285 768 2345 in
787 2304 852 2366 quo
874 2286 1081 2348 continentur
1098 2287 1237 2369 quedam
1255 2286 1433 2367 ewangelia
1451 2299 1482 2348 et
1498 2285 1674 2368 passiones,

412 2401 443 2448 et
459 2387 571 2470 incipit
595 2389 628 2450 in
653 2390 779 2452 rubrica
807 2391 998 2454 ›Dominica
1022 2394 1125 2476 prima
1143 2394 1175 2454 in
1196 2393 1369 2456 adventu«.
1395 2406 1426 2453 et
1442 2392 1473 2452 in
1491 2389 1554 2452 fine
1572 2390 1673 2473 prime

413 2495 528 2576 pagine
553 2497 685 2557 secundi
710 2495 779 2558 lolii
815 2500 1045 2575 »vestiuntur«,
1078 2514 1109 2562 et
1140 2501 1172 2561 in
1204 2499 1266 2562 fine
1300 2499 1373 2560 libri
1398 2497 1468 2560 finit
1491 2497 1531 2558 de
1556 2497 1672 2559 eadem

411 2601 515 2663 littera
543 2602 741 2686 »discipulus
766 2605 797 2664 in
823 2625 948 2668 suamc.

519 2707 608 2788 ltem,
633 2709 798 2790 quoddam
824 2712 952 2773 Missale
977 2732 1049 2774 curn
1067 2712 1256 2774 kalendario
1281 2727 1312 2774 et
1331 2710 1574 2774 Prefacionibus
1598 2710 1667 2770 sine

414 2814 508 2892 notis,
534 2813 688 2876 habensa
713 2830 857 2899 ternpore
882 2838 983 2900 usque
1001 2816 1116 2881 festum
1136 2819 1232 2882 Pasce
1257 2819 1378 2898 missas,
1402 2819 1488 2880 etin
1515 2817 1577 2879 fine
1595 2817 1668 2878 libri

412 2921 451 2982 de
475 2921 587 2983 eadem
606 2941 704 2985 manu
728 2921 798 2986 finit
815 2925 846 2985 in
868 2927 1020 2988 oracione
1041 2926 1215 3008 »Spiritum
1233 2926 1326 2988 nobis
1343 2926 1508 2986 domine‹.
1527 2924 1573 3005 (ln
1591 2942 1672 2984 mar·

411 3027 505 3107 gine:
531 3029 562 3089 in
588 3029 720 3092 ecclesia
745 3031 891 3093 omnium
916 3047 1099 3095 sanctorum
1125 3032 1193 3095 lore
1217 3034 1350 3095 existere
1374 3030 1547 3110 asseritur.)

518 3135 607 3216 ltem,
631 3136 713 3198 liber
738 3137 768 3198 in
787 3157 852 3219 quo
875 3139 1079 3200 continentur
1096 3140 1274 3220 ewangelia
1298 3153 1328 3200 et
1345 3139 1478 3221 epistole
1496 3158 1552 3220 per
1569 3151 1671 3199 totum

411 3261 543 3320 annum,
568 3257 599 3304 et
616 3243 728 3324 incipit
744 3264 815 3306 cum
842 3247 966 3307 rubrica
994 3247 1184 3308 »Dominica
1202 3247 1304 3328 prima
1330 3247 1360 3307 in
1386 3246 1560 3324 adventu«,
1585 3259 1617 3306 et
1641 3245 1671 3304 in

413 3348 474 3410 fine
499 3349 601 3430 prime
626 3352 742 3432 pagine
766 3353 898 3413 secundi
924 3352 992 3414 lolii
1010 3351 1080 3414 finit
1108 3353 1247 3436 »Egiptii
1265 3353 1383 3431 addo«,
1409 3367 1439 3414 et
1457 3353 1488 3414 in
1514 3351 1576 3413 fine
1599 3351 1671 3412 libri

413 3454 482 3518 finit
509 3457 582 3538 »qui
608 3471 712 3538 potest
736 3477 860 3540 capere,
885 3459 1020 3541 capiat«.

520 3562 609 3641 ltem,
633 3583 733 3625 unum
752 3564 982 3627 Collectarium
1008 3586 1064 3648 per
1081 3580 1184 3628 totum
1206 3587 1325 3629 annum
1344 3567 1384 3628 de
1402 3568 1533 3648 antiqua
1558 3564 1672 3640 littera,

412 3684 598 3750 coopertum
625 3670 663 3730 de
681 3691 776 3733 coreo
793 3674 893 3734 rubeo
918 3687 948 3733 et
965 3673 1077 3754 incipit
1104 3675 1230 3736 »Presta
1248 3673 1379 3735 domine
1403 3672 1554 3734 fidelibus
1577 3671 1672 3750 tuis«,

413 3774 533 3836 habens
557 3775 588 3836 in
613 3775 675 3837 fine
700 3778 946 3840 benedicciones
970 3780 1144 3861 generales.

518 3881 606 3961 ltem,
632 3882 862 3948 Collectarium
887 3907 986 3947 unum
1020 3887 1200 3968 antiquum,
1232 3900 1263 3948 et
1295 3887 1406 3968 incipit
1438 3906 1511 3947 cum
1547 3884 1672 3946 rubrica

416 3989 566 4050 »ecclesie
590 3991 693 4053 scola:
720 3990 885 4054 Confirma
910 3993 969 4054 hoc
995 3993 1106 4072 deus«,
1132 4007 1162 4055 et
1193 3994 1224 4054 in
1249 3992 1312 4056 fine
1345 3994 1416 4054 libri
1449 3991 1518 4054 finit
1547 3993 1671 4053 »anime

414 4109 444 4156 et
467 4095 644 4177 corporis«.

516 4201 605 4281 Item,
631 4223 729 4264 unum
748 4204 909 4284 Manuale,
926 4207 1013 4286 quod
1033 4207 1144 4289 incipit
1160 4227 1232 4268 cum
1250 4207 1375 4268 rubrica
1396 4206 1557 4280 >Quando
1577 4205 1670 4266 missa

412 4306 445 4368 fit
469 4327 542 4369 cum
566 4309 838 4391 sollempnitatec,
864 4325 895 4371 et
919 4312 951 4372 in
976 4311 1038 4374 fine
1067 4313 1168 4394 prime
1202 4314 1317 4395 pagine
1351 4312 1483 4374 secundi
1508 4310 1578 4372 lolii
1604 4309 1673 4371 finit

415 4414 533 4492 solvo,
566 4415 653 4496 quod
687 4414 767 4476 infra
800 4417 1011 4497 dominicasc,
1045 4433 1075 4481 et
1105 4419 1136 4480 in
1169 4418 1231 4480 fine
1265 4418 1334 4482 finit
1366 4419 1405 4480 de
1431 4419 1543 4479 eadem
1569 4417 1671 4479 littera

416 4521 473 4581 »ad
499 4521 557 4582 celi
583 4520 715 4602 palacia.
740 4527 879 4586 Amen«.

520 4625 607 4704 ltem,
633 4626 791 4691 Cantuale
815 4644 846 4692 et
867 4631 1050 4693 Lectionale
1069 4633 1159 4693 beate
1178 4633 1310 4712 virginis
1327 4651 1399 4694 cum
1419 4645 1505 4708 nota,
1530 4651 1596 4712 quo
1614 4631 1670 4692 uti·

413 4751 483 4793 mur
508 4733 538 4793 in
565 4733 676 4814 primis
701 4735 803 4796 missis
828 4739 919 4798 beate
949 4738 1091 4818 virginis.

518 4838 607 4916 Item,
633 4861 715 4902 unus
739 4843 891 4923 antiquus
915 4844 1006 4922 liber,
1039 4845 1208 4906 continens
1233 4847 1264 4906 in
1289 4866 1321 4906 se
1347 4846 1526 4927 ewangelia
1552 4859 1583 4907 et
1607 4845 1669 4925 epi·

411 4945 508 5006 stolas
532 4966 587 5027 per
611 4948 765 5009 circulum
791 4949 877 5027 anni,
903 4963 933 5010 et
957 4951 1069 5032 incipit
1093 4972 1164 5013 cum
1199 4954 1323 5014 rubrica
1349 4954 1541 5014 »Dominica
1567 4955 1665 5036 prima

412 5053 442 5112 in
468 5053 607 5114 adventu
632 5055 789 5134 domini«,
814 5071 844 5117 et
869 5058 900 5118 in
926 5059 1028 5140 prima
1047 5060 1162 5138 pagina
1186 5060 1317 5120 secundi
1344 5059 1412 5120 lolii
1439 5059 1507 5121 finit
1537 5079 1668 5142 ›appro-
