3810 5806
410 546 469 610 118
934 545 1021 604 Anno
1043 557 1134 622 1522.

405 759 480 820 dam
504 757 687 840 Gregnrecz
712 756 751 819 de
784 757 862 820 villa
895 759 1022 836 Nouak,
1056 757 1175 819 seniori
1207 756 1311 838 jurato
1345 769 1377 818 et
1400 757 1525 820 concivi
1550 772 1672 836 nostro,

405 885 441 926 ac
464 885 521 948 per
544 885 618 926 eum
643 865 708 926 suis
733 864 905 926 heredibus
922 883 980 946 pro
1005 863 1074 927 flor.
1099 864 1211 926 decem
1229 877 1260 925 et
1280 876 1353 925 octo
1377 877 1408 926 et
1432 883 1488 946 per
1512 864 1670 947 prelatum

405 972 613 1033 Valentinum
637 969 757 1053 prefate
783 971 916 1032 ecclesie
942 972 1032 1032 beate
1051 969 1252 1051 Margarethe
1276 990 1333 1030 seu
1358 970 1497 1051 plebano
1523 971 1667 1032 eiusdem

405 1079 539 1141 domino
563 1078 702 1140 Martino
726 1093 803 1139 tunc
828 1078 988 1156 existenti,
1013 1096 1071 1159 pro
1089 1077 1257 1138 ereccione
1282 1077 1345 1138 alie
1362 1096 1446 1139 nove
1470 1077 1586 1138 domus
1602 1078 1669 1158 ple-

406 1185 529 1247 banalis
553 1183 674 1267 prefate
699 1184 844 1264 ecclesie,
867 1197 964 1266 prout
986 1182 1073 1245 idem
1090 1184 1242 1245 dominus
1260 1184 1418 1246 Martinus
1442 1203 1551 1246 coram
1576 1185 1672 1246 nobis

405 1292 525 1372 retulit,
550 1293 614 1353 iam
646 1311 663 1353 a
695 1291 820 1374 prelato
852 1290 1026 1353 Valentino
1058 1291 1153 1373 plene
1185 1290 1298 1352 levatis
1330 1303 1361 1352 et
1396 1292 1555 1374 perceptis
1578 1304 1610 1352 et
1632 1291 1671 1353 ad

406 1399 605 1462 ereccionem
632 1397 693 1460 alie
720 1418 803 1459 nove
827 1398 945 1458 domus
977 1397 1156 1479 plebanalis
1180 1417 1236 1480 per
1268 1417 1343 1458 euin
1376 1398 1530 1480 expositis
1554 1411 1585 1460 et
1609 1398 1672 1459 dis·

405 1507 555 1590 pensatis,
580 1504 785 1569 vendidimus
809 1517 840 1566 et
857 1504 1077 1582 contullimus,
1095 1504 1195 1567 immo
1217 1504 1387 1566 vendimus
1413 1519 1443 1566 et
1460 1503 1674 1566 conferrimus

374 1687 382 1694 ,
406 1612 474 1694 jure
499 1625 655 1696 perpetuo
680 1625 711 1674 et
731 1611 984 1674 irrevocabiliter
1000 1611 1167 1690 tenendas,
1189 1611 1400 1693 possidendas
1423 1612 1544 1694 pariter
1568 1626 1599 1674 et
1616 1612 1670 1674 ha-

406 1719 538 1783 bendas.
565 1718 684 1780 Datum
708 1720 842 1780 sabbato
867 1719 899 1779 in
923 1715 1005 1780 festo
1032 1719 1123 1780 beate
1150 1719 1266 1781 Prisce.
1292 1723 1388 1780 Anno
1414 1718 1548 1782 Domini
1577 1739 1673 1800 r5aa;

409 1828 460 1889 cui
485 1825 557 1888 data
581 1839 628 1886 est
652 1825 742 1887 litera
771 1825 992 1907 privilegialis.

511 1931 610 2007 Quod
634 1932 711 2013 quia
735 1951 794 1993 nos
818 1931 964 1992 eiusdem
992 1930 1109 1992 domus
1141 1930 1322 2013 plebanalis
1347 1931 1438 1992 beate
1466 1929 1669 2012 Margarethe

409 2039 542 2120 virginis
566 2039 598 2100 in
616 2038 770 2100 suburbio
795 2037 931 2099 civitatis
948 2035 1068 2119 prefate
1089 2037 1207 2116 habite,
1225 2037 1356 2098 terciam
1381 2037 1532 2100 videlicet
1548 2051 1673 2120 partem

410 2147 559 2208 etunius
583 2165 707 2207 camere
732 2159 762 2207 et
790 2144 914 2206 duabus
946 2144 1067 2226 quartis
1100 2145 1185 2206 curie
1219 2144 1300 2205 inter
1332 2141 1470 2226 prefatas
1495 2145 1574 2206 duas
1598 2165 1672 2227 por·

407 2253 516 2314 cinnes
540 2251 811 2314 condivisionales
835 2250 979 2312 eiusdem
1005 2251 1132 2328 domus,
1146 2247 1296 2312 videlicet
1312 2250 1409 2312 tercie
1433 2252 1542 2333 partis,
1567 2252 1671 2328 stube,

408 2359 545 2440 coquine
571 2371 601 2420 et
626 2358 720 2419 unius
744 2357 867 2438 integre
891 2357 976 2418 curie
1001 2357 1130 2439 providi
1155 2371 1185 2419 et
1203 2355 1331 2418 honesti
1355 2357 1414 2418 viti
1441 2357 1603 2418 Valentini
1621 2377 1672 2419 su·

409 2465 499 2545 toris,
523 2465 618 2547 jurati
642 2478 673 2526 et
697 2463 839 2525 concivis
862 2463 973 2542 nostri,
997 2483 1014 2525 a
1040 2463 1245 2524 meridionali
1274 2477 1361 2545 parte
1386 2475 1417 2524 et
1440 2463 1576 2526 domum
1600 2483 1672 2547 pto·

408 2571 475 2634 vidi
500 2572 560 2634 viri
585 2571 767 2654 Bolphangi
793 2569 950 2634 carnificis
974 2572 1123 2634 similiter
1156 2573 1298 2634 concivis
1323 2573 1433 2651 nostri,
1458 2575 1498 2636 ab
1523 2573 1673 2636 orientali

409 2680 513 2763 platea
538 2679 731 2756 communis,
755 2679 794 2739 ab
819 2678 1010 2740 occidentali
1033 2698 1109 2741 vero
1134 2698 1236 2760 usque
1253 2679 1375 2741 curiam
1400 2698 1608 2742 communem
1625 2680 1670 2763 jo·

409 2787 585 2868 hagionum
603 2783 724 2868 prefate
741 2784 873 2846 ecclesie
891 2787 983 2847 beate
1001 2785 1202 2868 Margarethe
1219 2785 1352 2867 virginis
1376 2805 1409 2848 se
1435 2787 1671 2865 extendentem,

408 2893 550 2956 habitam
575 2905 605 2954 et
629 2892 828 2969 existentem,
854 2891 933 2953 duas
957 2906 1097 2974 quartas,
1115 2907 1149 2954 nt
1173 2894 1378 2975 premittitur,
1403 2893 1491 2955 curie
1515 2894 1555 2955 ad
1578 2914 1671 2956 usum

408 3001 492 3062 dicte
517 2999 653 3061 civitatis
677 2999 758 3060 inse
776 2999 1009 3078 continentem,
1026 3000 1122 3062 simul
1139 3019 1212 3062 cum
1230 3000 1381 3062 omnibus
1394 3000 1539 3064 eiusdem
1556 3002 1673 3064 domus

409 3106 505 3168 tercie
530 3104 703 3188 porcionis,
728 3117 762 3165 ut
794 3103 903 3183 lertur,
935 3105 1031 3166 unius
1062 3125 1187 3168 camere
1220 3119 1251 3168 et
1283 3105 1408 3168 duabus
1439 3107 1562 3189 quartis
1586 3108 1671 3169 curie

411 3213 614 3290 utilitatibus,
636 3211 771 3294 juribus,
802 3211 923 3290 usibus,
956 3212 1193 3294 integritatibus
1225 3227 1256 3275 et
1287 3214 1493 3296 pertinenciis
1516 3213 1673 3276 universis

408 3319 545 3404 provido
570 3319 639 3380 viro
664 3319 827 3400 Stephano
851 3319 963 3398 sutori,
989 3319 1034 3380 uti
1059 3338 1144 3381 novo
1162 3320 1286 3382 concivi
1312 3334 1433 3400 nostro,
1457 3341 1493 3382 ac
1518 3340 1574 3404 per
1598 3340 1672 3382 eum

408 3428 473 3490 suis
504 3425 677 3488 heredibus
708 3443 767 3508 pto
799 3424 868 3487 flor.
901 3439 974 3487 octo
1007 3439 1038 3487 et
1065 3446 1122 3509 per
1155 3426 1294 3488 eundem
1328 3427 1526 3510 Stephanum
1552 3426 1672 3510 prefate

409 3533 542 3596 ecclesie
566 3534 658 3594 beate
684 3531 884 3612 Margarethe
916 3533 1049 3614 virginis
1084 3553 1139 3594 seu
1171 3533 1311 3616 plebano
1346 3533 1503 3596 moderno
1528 3534 1672 3596 eiusdem

409 3639 543 3702 domino
569 3639 708 3701 Martino
733 3658 817 3700 nunc
842 3639 989 3701 existenti
1010 3658 1069 3722 pto
1086 3641 1252 3703 eteccione
1276 3640 1337 3702 alie
1362 3661 1445 3703 nove
1470 3642 1586 3704 domus
1605 3641 1671 3724 ple·

408 3747 542 3826 banalis,
566 3760 661 3828 prout
684 3745 770 3807 idem
804 3745 956 3808 dominus
981 3747 1137 3809 Martinus
1170 3767 1277 3810 coram
1303 3748 1397 3810 nobis
1421 3748 1539 3828 retulit,
1564 3747 1628 3830 jam
1654 3767 1672 3810 a

408 3853 533 3938 prefato
558 3853 722 3935 Steqhano
747 3866 855 3914 sutore
888 3853 983 3936 plene
1015 3853 1151 3916 levasset
1183 3868 1214 3916 et
1244 3856 1438 3937 percepisset
1469 3867 1500 3918 et
1524 3856 1564 3916 ad
1588 3875 1673 3918 erec·

408 3961 535 4022 cionem
560 3960 643 4022 dicte
668 3978 751 4020 nove
776 3960 893 4021 domus
916 3960 1096 4042 plebanalis
1113 3961 1208 4043 plene
1233 3962 1443 4043 exposuisset,
1467 3961 1674 4024 vendidimus

409 4082 440 4130 et
455 4067 665 4130 contullimus
679 4067 930 4128 irrevocabiliter
946 4067 1186 4149 possidendam.
1201 4067 1319 4130 Datum
1338 4068 1500 4131 dominica
1526 4069 1673 4152 proxima

409 4187 482 4258 post
506 4174 621 4236 festum
641 4172 872 4236 Conversionis
890 4174 973 4236 beati
998 4175 1100 4237 Pauli.
1124 4179 1220 4237 Anno
1238 4175 1371 4237 Domini
1389 4175 1563 4238 millesimo
1580 4176 1673 4258 quin·

408 4282 591 4365 gentesimo
616 4281 773 4363 vigesimo
797 4281 958 4359 secundo;
984 4282 1035 4344 cui
1060 4281 1134 4344 data
1162 4295 1208 4344 est
1231 4283 1323 4345 litera
1347 4282 1567 4366 privilegialis.

515 4387 614 4463 Quod
639 4388 714 4470 quia
739 4407 798 4449 nos
830 4389 994 4470 quandam
1027 4389 1161 4451 domum
1194 4389 1293 4472 lignei
1325 4390 1431 4472 operis
1462 4389 1494 4450 in
1519 4389 1674 4452 suburbio

409 4496 545 4558 civitatis
568 4494 711 4557 habitam
730 4495 813 4558 inter
837 4495 970 4558 domum
989 4497 1117 4579 providi
1134 4496 1193 4558 viri
1211 4495 1379 4559 Benedicti
1393 4494 1490 4558 labris
1508 4495 1674 4558 Benchecz

410 4603 498 4683 dicti,
522 4623 540 4664 a
564 4615 652 4686 parte
685 4603 952 4685 septemtrionali,
984 4617 1015 4666 et
1047 4605 1129 4665 inter
1161 4603 1241 4665 duas
1271 4604 1340 4665 vias
1363 4623 1419 4665 seu
1443 4603 1565 4685 plateas
1588 4623 1673 4666 com·

410 4730 524 4772 munes
548 4710 587 4771 ab
612 4709 760 4771 orientali
785 4722 816 4771 et
844 4710 1049 4772 meridionali
1083 4710 1236 4793 partibus,
1260 4730 1295 4772 ac
1319 4711 1402 4772 inter
1424 4708 1561 4772 fluvium
1586 4710 1674 4772 Med·

409 4817 587 4901 wednycza
612 4817 744 4896 dictum,
770 4830 800 4879 et
823 4837 924 4900 prope
949 4831 1081 4901 pontem
1106 4837 1161 4900 per
1189 4835 1287 4899 quem
1312 4816 1517 4879 descenditur
1541 4817 1574 4879 in
1598 4818 1672 4880 sub·

411 4925 542 4987 urbium
567 4925 715 5004 civitatis,
739 4944 757 4986 a
780 4923 863 4986 dicta
888 4937 975 5008 parte
1001 4924 1149 4987 orientali
1168 4923 1310 4987 habitam
1334 4936 1365 4986 et
1390 4923 1592 5004 existentem,
1609 4943 1674 4986 me-

413 5031 500 5094 diam
526 5032 647 5095 curiam
672 5031 712 5094 ad
737 5050 831 5094 usum
856 5032 940 5095 dicte
965 5033 1101 5094 civitatis
1125 5032 1157 5093 in
1179 5052 1211 5094 se
1236 5031 1465 5112 continentem,
1482 5031 1577 5094 simul
1602 5051 1674 5096 cum
