3804 5798
915 554 1097 615 Invenam'a

483 767 572 846 Item,
598 768 709 829 Flores
733 766 983 829 distinccionum
1008 767 1083 828 novi
1109 779 1139 828 et
1171 766 1286 828 veteris
1309 768 1491 830 testamenti
1517 768 1549 830 in
1577 787 1642 830 uno

379 895 478 957 parvo
503 874 668 937 volumine
693 875 733 936 de
757 893 853 956 parra
877 873 993 952 littera,
1018 873 1140 936 babens
1171 873 1203 934 in
1228 873 1388 957 principio
1411 873 1555 937 tabulam
1579 895 1636 958 per

378 981 598 1065 alphabetum,
622 996 653 1044 et
677 981 789 1064 incipit
812 1001 883 1042 cum
909 981 1034 1042 rubrica
1061 979 1242 1063 »lncipiunt
1265 981 1360 1044 florea
1388 981 1640 1044 distinccionum

378 1089 418 1151 de
442 1089 586 1171 qualibet
610 1089 775 1166 materia«,
799 1102 830 1149 et
855 1088 887 1149 in
912 1087 975 1150 fine
999 1087 1072 1149 libri
1106 1086 1175 1150 finit
1194 1103 1458 1170 »persequeretur
1483 1089 1640 1152 Christia-

386 1215 454 1274 nos,
479 1199 619 1256 Actuum
645 1195 771 1257 decimo
796 1195 928 1256 tercioc.

488 1301 578 1380 ltem,
603 1300 701 1363 Glose
727 1320 822 1384 super
846 1300 1008 1383 psalterio,
1033 1319 1095 1382 que
1117 1301 1276 1384 incipiunt
1302 1299 1413 1363 »Cum
1439 1320 1552 1364 omnes
1574 1322 1647 1384 pro·

378 1408 507 1489 phetas«
532 1407 572 1470 de
596 1408 700 1470 littera
724 1407 821 1489 longa
845 1408 944 1469 rubea
968 1419 1000 1469 et
1022 1407 1154 1486 lazuria,
1179 1421 1210 1470 et
1241 1407 1273 1468 in
1310 1406 1375 1469 fine
1401 1407 1506 1491 prime
1530 1408 1645 1490 pagine

378 1514 510 1576 secundi
534 1512 604 1577 folii
630 1513 699 1576 finit
726 1527 854 1596 »optata
882 1515 1092 1594 succedunte,
1116 1527 1147 1576 et
1175 1514 1207 1576 in
1236 1512 1299 1575 fine
1325 1514 1400 1576 libri
1424 1512 1496 1576 finit
1523 1515 1648 1578 »omnia

377 1621 508 1703 spiritus
533 1619 643 1682 laudat
668 1620 870 1682 domiuum«.

488 1726 577 1805 ltem,
602 1726 733 1789 Postilla
752 1727 877 1788 Nicolai
901 1726 942 1788 de
960 1711 1035 1788 Lira
1058 1745 1153 1810 super
1169 1727 1333 1809 psalterio,
1357 1741 1388 1789 et
1406 1727 1520 1809 incipit
1544 1727 1647 1790 »Lau-

378 1834 547 1895 dacionem
572 1833 696 1894 domini
722 1832 874 1914 loquetur
897 1852 933 1894 os
958 1851 1100 1910 meum«,
1125 1845 1156 1894 et
1180 1833 1212 1894 in
1236 1831 1299 1894 fine
1324 1833 1428 1915 prime
1452 1833 1570 1914 pagine
1597 1853 1646 1895 se·

380 1939 476 2001 cundi
503 1937 571 2001 lolii
597 1938 676 2016 finit,
697 1959 734 2000 »a
760 1937 840 2001 lacie
868 1953 950 2000 terre
976 1939 1101 2022 impii«,
1125 1952 1156 2000 et
1176 1939 1208 2000 in
1233 1937 1296 2000 fine
1320 1939 1394 2001 libri
1419 1937 1490 2000 finit
1517 1955 1647 2021 »regnat

382 2047 415 2107 in
440 2046 547 2108 secula
570 2046 764 2109 seculorum.
792 2049 930 2108 Amen«.

486 2170 575 2250 ltem,
600 2190 701 2232 unum
726 2170 879 2232 volumen
905 2171 1074 2233 continens
1107 2171 1138 2232 in
1163 2191 1195 2232 se
1220 2171 1376 2254 ystoriam
1402 2173 1647 2257 Troyanorum,

381 2279 604 2339 Romanorum
630 2291 660 2339 et
693 2277 860 2356 Cesarum,
897 2291 927 2340 et
951 2291 997 2339 est
1029 2277 1068 2339 de
1101 2297 1220 2360 magno
1255 2277 1435 2358 volumine,
1459 2299 1570 2342 carens
1594 2300 1647 2342 co·

380 2385 555 2466 opertorio,
580 2399 611 2446 et
635 2385 737 2466 prima
762 2384 866 2446 littera
892 2385 1028 2447 lacerata
1053 2385 1153 2446 estin
1181 2385 1353 2468 principio,
1378 2399 1409 2447 et
1432 2383 1502 2448 finit
1525 2387 1557 2448 in
1583 2385 1646 2448 fine

385 2491 456 2551 libri
486 2491 548 2552 »ibi
574 2491 824 2553 consedissent«.

782 2671 943 2733 Textus
975 2669 1245 2733 Summarum.

487 2813 576 2893 ltem,
600 2833 683 2874 unus
708 2813 789 2875 liber
812 2827 916 2876 textus
941 2813 1149 2875 Summarum
1175 2813 1284 2894 magni
1308 2813 1484 2875 voluminis
1508 2813 1548 2876 de
1571 2815 1643 2896 pul·

380 2920 521 2981 cherima
546 2919 661 2999 littera,
694 2933 724 2980 et
755 2919 867 3003 incipit
903 2919 1101 3002 »Cupientes
1133 2919 1257 3001 aliquid
1290 2919 1331 2982 de
1354 2921 1522 3002 penuriae,
1553 2934 1584 2982 et
1608 2921 1640 2982 in

381 3026 443 3088 fine
467 3027 570 3108 prime
595 3027 711 3108 pagine
734 3026 867 3088 secundi
900 3025 970 3088 folii
994 3025 1065 3087 finit
1091 3025 1223 3088 »dicunt
1255 3027 1419 3089 caritatem
1450 3027 1537 3106 dei«,
1561 3041 1592 3089 et
1616 3027 1647 3088 in

379 3132 441 3194 fine
466 3132 539 3194 libri
565 3133 743 3196 decadem
768 3134 872 3195 littera
896 3131 967 3196 finit
993 3132 1153 3216 »Explicit
1176 3133 1257 3195 liber
1282 3152 1521 3195 summarum«.

486 3237 575 3319 ltem,
593 3239 675 3300 alius
699 3253 804 3301 textus
820 3240 893 3302 libri
920 3241 1139 3320 Summarum,
1156 3254 1188 3302 et
1204 3240 1317 3321 incipit
1336 3239 1480 3302 »Omnis
1503 3240 1648 3303 doctrina

388 3357 434 3406 est
458 3345 497 3406 de
522 3346 616 3407 rebus
640 3359 670 3407 et
694 3345 734 3408 de
767 3346 899 3428 signis«,
935 3348 1021 3409 etin
1053 3345 1117 3408 fine
1141 3347 1244 3428 prime
1276 3347 1392 3428 pagine
1416 3346 1550 3410 secundi
1576 3345 1648 3409 folii

381 3451 451 3513 finit
477 3451 595 3513 »nichil
619 3467 726 3515 tamen
751 3453 928 3515 secundum
953 3453 1139 3532 accidens«,
1170 3466 1201 3514 et
1240 3455 1271 3515 in
1296 3451 1359 3516 fine
1382 3453 1457 3516 libri
1481 3452 1551 3516 finit
1576 3453 1646 3516 »via

382 3557 463 3621 duce
487 3559 665 3640 pervenite.

485 3666 575 3744 ltem,
597 3666 679 3728 alius
703 3679 807 3727 textus
834 3665 1053 3745 Summarum,
1077 3680 1107 3728 et
1131 3666 1244 3748 incipit
1274 3665 1422 3728 similiter
1450 3665 1648 3749 »Cupientes

380 3772 537 3854 aliquid«,
562 3774 648 3835 etin
674 3771 736 3834 fine
761 3772 863 3855 prime
880 3773 995 3854 pagine
1016 3772 1148 3834 secundi
1165 3771 1234 3834 iolii
1259 3771 1329 3834 finit
1354 3771 1460 3835 »filius
1484 3773 1647 3836 nascendo

379 3880 533 3961 accepit«,
558 3893 588 3941 et
613 3880 645 3942 in
681 3878 742 3942 fine
780 3879 852 3941 libri
888 3878 959 3942 finit
990 3879 1029 3940 de
1066 3879 1192 3941 rubrica
1219 3878 1380 3962 »Explicit
1407 3893 1544 3961 quartus
1567 3878 1648 3941 liber

379 4005 611 4050 summarum«.

484 4091 572 4171 Item,
597 4093 680 4154 alius
703 4105 808 4154 textus
824 4093 864 4155 de
886 4092 1104 4176 pulcherrima
1121 4093 1236 4172 littera,
1261 4107 1292 4155 et
1309 4091 1422 4176 incipit
1450 4091 1647 4175 »Cupientes

382 4197 541 4279 aliquid«,
573 4200 659 4260 etin
691 4197 754 4260 fine
786 4199 888 4282 prime
919 4200 1036 4281 pagine
1073 4199 1206 4262 secundi
1238 4198 1307 4262 lolii
1344 4197 1415 4262 finit
1441 4214 1492 4262 »et
1515 4201 1648 4264 relative

383 4305 568 4383 dicuntur«,
599 4319 630 4367 et
654 4308 685 4367 in
710 4304 772 4367 fine
797 4306 870 4367 libri
896 4305 966 4367 finit
993 4306 1051 4368 »ad
1076 4305 1174 4388 pedes
1209 4325 1322 4388 usque,
1348 4305 1403 4368 illa
1427 4306 1508 4369 duce
1533 4325 1648 4388 perve-

379 4413 458 4492 nite,
483 4411 604 4474 habens
629 4414 769 4495 capitula
793 4413 825 4474 in
852 4412 915 4474 fine
939 4414 1029 4475 tercii
1054 4427 1085 4475 et
1111 4413 1217 4495 quarti
1242 4412 1326 4476 libri.

484 4519 561 4582 Item
587 4520 668 4580 alius
689 4533 793 4582 textus
813 4519 1033 4600 Summarum,
1059 4520 1173 4602 incipit
1189 4519 1338 4580 similiter
1367 4518 1595 4601 »Cupientes«,
1619 4533 1650 4582 et

380 4629 412 4690 in
437 4625 500 4688 fine
525 4627 628 4708 prime
653 4627 769 4708 pagine
794 4627 927 4688 secundi
953 4625 1023 4687 folii
1062 4624 1133 4689 finit
1161 4625 1280 4709 »possit
1313 4623 1450 4704 facere«,
1475 4639 1505 4688 et
1529 4627 1561 4688 in
1587 4625 1649 4689 fine

379 4725 451 4793 libri
476 4731 546 4794 finit
587 4732 773 4814 »usquead
800 4733 907 4816 pedes
939 4733 989 4794 via
1025 4732 1183 4811 invenit«,
1214 4733 1336 4794 babens
1360 4731 1510 4794 ultimum
1534 4731 1649 4796 lolium

379 4840 566 4901 laceratum.

485 4947 573 5024 ltem,
598 4966 699 5007 unum
724 4946 811 5008 aliud
829 4946 983 5028 scriptum
1010 4967 1108 5030 auper
1134 4947 1217 5008 libro
1242 4947 1460 5024 Summarum,
1484 4958 1515 5008 et
1539 4947 1651 5029 incipit

386 5053 421 5114 iu
441 5054 567 5115 rubrica
590 5052 724 5137 »Incipit
740 5053 890 5137 scriptum
909 5074 1004 5138 super
1021 5055 1104 5117 libro
1121 5073 1354 5134 summarum«,
1371 5067 1401 5118 et
1418 5053 1450 5115 in
1467 5051 1530 5116 fine
1546 5053 1649 5138 prime
