3810 5806
401 485 459 528 roa
927 465 1014 522 Anno
1037 459 1127 537 1518.

398 679 516 741 seniori
543 678 648 759 judice
674 690 704 740 et
732 677 864 739 concive
897 689 1019 755 nostro,
1051 687 1297 751 commutasset;
1329 694 1392 756 que
1425 675 1557 756 quidem
1582 690 1664 737 terre

398 789 429 850 in
455 786 616 849 territorio
640 799 750 847 nostro
784 804 841 845 seu
872 783 1010 845 civitatis
1040 781 1163 866 prefate
1195 783 1334 844 existunt
1364 783 1446 844 inter
1479 797 1577 843 terras
1610 803 1663 843 ate

398 907 505 956 sancte
531 892 644 955 Crucis
667 892 699 953 in
725 890 858 954 ecclesia
883 903 990 951 nostra
1015 888 1190 972 parochiali
1220 888 1305 950 beati
1331 888 1429 950 Marci
1455 889 1660 969 ewangeliste

399 1013 590 1078 constructe,
614 1019 631 1060 a
656 1013 744 1081 parte
771 996 932 1074 orientali,
956 1017 974 1058 a
998 1011 1087 1079 parte
1115 995 1370 1078 septemtrionali
1395 995 1446 1056 via
1471 997 1664 1072 communis,

399 1127 416 1168 a
441 1121 529 1189 parte
554 1105 746 1167 occidentali
764 1117 846 1166 terre
864 1103 1001 1166 arabiles
1018 1103 1183 1184 prudentis
1200 1117 1231 1164 et
1248 1103 1469 1184 circumspecti
1493 1102 1551 1163 viri
1570 1103 1663 1163 Eme·

400 1213 455 1274 rici
481 1213 599 1275 literati
623 1211 759 1272 senioris
783 1209 899 1290 judicis
935 1224 967 1271 et
998 1209 1141 1271 concivis
1174 1209 1285 1287 nostri,
1315 1222 1446 1290 aparte
1471 1229 1546 1270 vero
1571 1210 1664 1270 meri·
1729 1289 1733 1298 Ι

400 1320 523 1382 dionali
548 1319 661 1402 partim
688 1319 770 1379 inter
794 1331 911 1378 terram
929 1317 1075 1377 similiter
1097 1316 1196 1397 vulgo
1214 1315 1336 1398 Zygeth
1355 1316 1473 1378 dictam
1499 1317 1666 1398 hospitalis

399 1427 500 1488 nostri
524 1427 616 1488 beate
642 1425 741 1513 Maria
766 1425 900 1505 virginis
925 1423 957 1484 in
982 1421 1103 1504 prelata
1129 1423 1256 1484 civitate
1278 1423 1451 1485 constructi
1475 1437 1505 1484 et
1530 1422 1666 1502 fundati,

400 1533 525 1596 habitas
549 1545 580 1594 et
604 1531 791 1608 existentem
824 1529 900 1592 item
926 1543 1010 1592 mete
1035 1529 1118 1590 dicte
1150 1543 1232 1591 terre
1258 1529 1382 1611 Zygath
1408 1529 1469 1591 boc
1494 1530 1593 1591 modo
1618 1530 1666 1591 di·

399 1639 602 1720 stinguntur:
628 1637 709 1699 inter
726 1635 845 1698 dictam
864 1650 980 1697 terram
998 1634 1119 1720 Zygetb
1137 1633 1252 1717 prelati
1270 1635 1438 1716 hospitalis
1455 1635 1555 1696 nostri
1572 1637 1665 1697 beate

402 1745 502 1807 Maris
528 1743 672 1824 virginis,
697 1764 714 1804 a
739 1756 828 1824 parte
861 1741 1022 1820 orientali,
1055 1742 1109 1803 ubi
1135 1741 1301 1823 quoddam
1335 1740 1488 1804 fossatum
1521 1757 1665 1825 tempore

401 1849 535 1934 pluviali
559 1849 703 1911 defluens
719 1849 852 1927 mediat,
877 1862 908 1910 et
930 1863 1053 1931 aparte
1077 1848 1282 1938 meridionali
1308 1849 1359 1909 via
1384 1845 1523 1930 publica,
1543 1870 1560 1910 a
1578 1865 1666 1930 parte

401 1976 477 2018 vero
494 1955 684 2017 occidentali
701 1970 783 2016 terra
801 1955 923 2037 capelle
947 1969 1056 2016 nostre
1076 1955 1244 2016 beatorum
1269 1955 1403 2016 Fabiani
1430 1968 1460 2016 et
1486 1955 1665 2016 Sebastiani

403 2063 567 2124 martirum
594 2062 625 2122 in
650 2060 771 2144 prelata
799 2061 935 2123 ecclesia
966 2075 1074 2123 nostra
1108 2061 1192 2122 beati
1226 2062 1325 2123 Marci
1358 2061 1565 2142 ewangeliste
1590 2081 1665 2123 con-

402 2183 520 2231 structe
544 2183 574 2230 et
599 2167 742 2247 fundate,
767 2168 909 2230 habitam
935 2183 966 2229 et
990 2169 1191 2247 existentem,
1214 2169 1311 2230 simul
1340 2188 1413 2231 cum
1438 2169 1590 2230 omnibus
1608 2170 1667 2231 eis·

403 2277 476 2338 dem
501 2276 592 2337 terris
615 2275 762 2356 superius
786 2275 974 2357 expressatis
998 2289 1063 2336 tam
1088 2275 1226 2357 desuper
1257 2275 1479 2337 adiacentibus
1503 2295 1601 2357 quam
1626 2277 1667 2337 si-

403 2383 521 2444 militer
545 2382 622 2443 dicti
638 2382 761 2463 Zygeth
786 2384 826 2443 ab
844 2381 925 2442 inira
942 2382 1147 2458 subiacentis,
1166 2382 1370 2460 utilitatibus,
1388 2381 1522 2462 juribus,
1547 2383 1667 2460 usibus,

403 2487 680 2551 fructuositatibus
704 2503 734 2549 et
758 2489 964 2570 pertinenciis
988 2489 1156 2568 universis,
1186 2488 1309 2571 prelato
1336 2490 1443 2550 lwano
1468 2489 1595 2552 Zodecz
1619 2511 1666 2551 se·

402 2596 484 2657 niori
509 2595 607 2676 judici
631 2609 661 2656 et
685 2595 809 2656 concivi
836 2609 956 2674 nostro,
981 2615 1017 2656 ac
1042 2615 1098 2678 per
1123 2615 1197 2657 eum
1223 2597 1288 2657 suis
1314 2595 1487 2657 heredibus
1511 2615 1569 2678 pro
1594 2597 1665 2658 aliis

403 2702 494 2763 terris
518 2701 664 2762 similiter
681 2701 857 2762 arabilibus
873 2699 987 2782 prelati
1013 2701 1111 2762 lwani
1130 2701 1256 2763 Zodecz
1279 2703 1427 2764 similiter
1451 2703 1482 2763 in
1507 2703 1667 2764 territorio

403 2805 525 2890 prefate
550 2806 688 2868 civitatis
712 2805 829 2867 habitis
846 2826 902 2888 per
919 2807 1054 2868 modum
1071 2807 1301 2868 concambialis
1330 2808 1579 2890 permutacionis
1596 2827 1666 2868 cum

404 2913 624 2976 additamento
648 2913 787 2974 duorum
811 2911 881 2975 flor.
906 2927 936 2975 et
970 2933 1026 2996 per
1058 2913 1217 2996 prefatum
1251 2914 1393 2976 lwanum
1420 2915 1548 2976 Zodecz
1575 2915 1667 2976 nobis

404 3040 461 3082 seu
485 3019 605 3103 prefate
630 3019 762 3080 ecclesie
796 3033 903 3080 nostre
936 3020 1030 3102 plene
1063 3021 1145 3083 datis
1169 3036 1199 3082 et
1229 3022 1412 3103 persolutis,
1437 3035 1472 3084 ut
1495 3021 1663 3104 prefertur,

404 3147 461 3211 per
486 3126 620 3188 modum
638 3126 867 3188 concambialis
893 3129 1144 3208 permutacionis
1175 3129 1325 3190 dedimus
1352 3143 1383 3191 et
1400 3130 1666 3211 permutavimus,

406 3235 507 3296 immo
532 3233 646 3294 damus
676 3246 707 3294 et
730 3246 950 3314 permutamus
981 3233 1049 3314 jure
1073 3249 1230 3316 perpetuo
1251 3249 1281 3295 et
1314 3235 1584 3313 irrevocabiliter;
1618 3237 1667 3297 cui

406 3341 479 3402 data
497 3354 543 3402 est
556 3339 646 3400 litera
662 3338 880 3421 privilegialis.
906 3339 1025 3401 Datum
1047 3339 1124 3401 feria
1149 3341 1260 3422 quinta
1282 3342 1428 3423 proxima
1453 3357 1526 3404 ante
1552 3341 1665 3404 festum

407 3451 573 3510 beatorum
600 3445 740 3528 Philippi
766 3460 796 3507 et
820 3446 930 3508 Jacobi
963 3447 1194 3528 apostolorum.
1220 3451 1316 3509 Anno
1335 3448 1466 3509 Domini
1492 3449 1666 3511 millesimo

407 3553 669 3636 quingentesimo
693 3552 821 3613 decimo
846 3565 969 3616 octavo.

513 3659 611 3733 Quod
636 3657 712 3739 quia
738 3677 795 3718 nos
816 3659 1031 3719 communitas
1055 3659 1211 3741 quasdam
1228 3673 1336 3741 terras,
1361 3661 1440 3723 duas
1464 3661 1566 3723 dietas
1589 3675 1669 3723 terre

407 3765 439 3826 in
462 3785 495 3825 se
520 3765 731 3842 continentes,
767 3784 830 3845 que
854 3766 943 3846 prius
974 3766 1178 3847 pertinebant
1208 3767 1248 3827 ad
1281 3768 1489 3830 calendinum
1522 3783 1666 3830 nostrum

407 3873 499 3932 beate
525 3871 624 3932 Maria
649 3871 782 3950 virginis
805 3891 862 3932 seu
887 3871 926 3932 ad
944 3873 1097 3935 maccella
1115 3889 1222 3934 nostra
1247 3875 1279 3934 in
1298 3875 1459 3937 territorio
1487 3889 1596 3936 nostro
1613 3896 1668 3937 seu

406 3977 544 4039 civitatis
567 3976 687 4059 prefate
712 3977 795 4039 inter
819 3993 934 4039 terram
952 3999 1010 4040 seu
1035 3978 1178 4042 lenetum
1196 3981 1316 4061 egregii
1334 3981 1459 4042 domini
1479 3981 1670 4043 balthasaris

407 4083 553 4144 vicebani
578 4083 667 4163 regni
686 4083 869 4162 Sclauonie,
895 4099 1018 4166 aparte
1041 4087 1202 4164 orientali,
1227 4101 1257 4148 et
1276 4089 1358 4148 inter
1381 4088 1529 4149 similiter
1552 4101 1668 4149 terram

406 4189 561 4250 arabilem
587 4189 705 4250 nobilis
730 4190 789 4250 viri
815 4190 970 4251 lobannis
1003 4191 1141 4253 Pastoris
1173 4193 1308 4254 senioris
1332 4193 1449 4275 judicis
1473 4209 1504 4256 et
1528 4195 1671 4256 concivis

407 4296 519 4372 nostri,
544 4314 562 4355 a
587 4310 674 4376 parte
699 4297 953 4378 septemtrionali
978 4317 1055 4358 aca
1090 4299 1295 4360 meridionali
1328 4314 1359 4362 et
1383 4301 1574 4362 occidentali
1600 4321 1669 4382 par-

406 4402 492 4463 tibus
517 4401 599 4462 inter
623 4416 722 4464 terras
746 4415 776 4464 et
801 4401 910 4464 senilia
934 4404 1101 4484 prudentis
1123 4419 1154 4466 et
1178 4406 1400 4489 circumspecti
1418 4407 1477 4468 viri
1503 4406 1671 4469 Michaelis

408 4507 619 4590 Opprasnych
644 4509 731 4586 dicti,
757 4509 903 4570 moderni
922 4509 1036 4589 judicis
1060 4525 1091 4571 et
1108 4512 1250 4572 concivis
1275 4513 1386 4590 nostri,
1411 4512 1535 4574 habitas
1559 4529 1590 4574 et
1606 4514 1670 4574 exi-

406 4628 535 4692 stentes,
559 4614 656 4674 simul
681 4634 753 4675 cum
779 4615 930 4675 omnibus
954 4616 1076 4677 eisdem
1095 4617 1220 4678 duabus
1246 4619 1339 4679 dietis
1363 4633 1444 4680 tetre
1470 4619 1671 4696 utilitatibus,

407 4719 540 4798 juribus,
565 4721 686 4798 usibus,
720 4721 966 4802 integritatibus,
999 4720 1275 4786 fructuositatibus
1307 4739 1338 4785 et
1370 4726 1577 4807 pertinenciis
1601 4729 1671 4788 uni·

407 4826 505 4886 versis
529 4825 652 4907 prefato
679 4827 827 4888 Michaeli
854 4827 1065 4910 Opprasnych
1091 4845 1125 4893 ut
1143 4831 1300 4913 prefertur
1333 4833 1492 4894 moderno
1517 4833 1616 4912 judici
1642 4849 1672 4895 et

408 4933 532 4994 concivi
565 4947 674 4996 nostro
706 4954 741 4995 ac
774 4953 830 5016 per
862 4955 935 4996 eum
968 4938 1033 4997 suis
1064 4938 1238 5000 heredibus
1270 4958 1328 5020 pro
1361 4939 1422 5000 alia
1448 4955 1530 5002 terra
1555 4941 1669 5002 arabili
