3804 5798
412 573 470 632 160
957 571 1136 635 Inventam.

403 785 524 847 habens
548 786 648 847 eciam
673 786 865 868 antiphonas
897 806 969 848 cum
995 787 1089 864 notis,
1120 801 1150 849 et
1174 787 1206 847 in
1232 783 1295 847 fine
1328 783 1400 845 libri
1430 783 1562 847 »Gloria
1587 784 1666 866 patri

404 905 434 951 et
458 890 526 953 filio
551 907 581 954 et
605 893 730 974 spiritui
755 907 897 969 sancto«,
923 913 995 954 cum
1021 894 1115 954 notis.

509 997 598 1075 Item,
623 997 711 1059 aliud
729 998 916 1080 Capitulare
933 999 1081 1060 similiter
1097 1018 1170 1060 cum
1189 997 1377 1059 kalendario
1396 1011 1426 1060 et
1443 998 1578 1059 rubricis
1596 1017 1666 1079 pre·

404 1103 508 1182 dictis,
533 1117 563 1164 et
588 1103 700 1185 incipit
724 1123 796 1166 cum
830 1105 954 1166 rubrica
991 1103 1125 1186 »incipit
1156 1104 1237 1165 ordo
1269 1103 1484 1186 capitulorum
1511 1105 1578 1164 sive
1603 1103 1668 1164 col-

404 1209 577 1270 lectarumr
605 1221 636 1271 et
661 1210 692 1270 in
717 1208 780 1271 fine
805 1211 907 1292 prime
932 1211 1049 1292 pagine
1073 1210 1204 1272 secundi
1231 1207 1301 1272 lolii
1326 1209 1396 1271 finit
1424 1229 1503 1270 »vox
1529 1211 1659 1272 claman-

403 1316 476 1393 tis«,
500 1331 530 1378 et
554 1316 586 1377 in
622 1314 685 1378 fine
720 1315 794 1376 libri
830 1315 951 1377 habens
982 1316 1117 1378 letanias
1149 1330 1180 1378 et
1211 1313 1354 1378 officium
1391 1317 1424 1376 in
1451 1316 1666 1378 Dedicacione

405 1421 549 1484 ecclesie.

767 1511 1039 1593 Sequuntur
1076 1510 1329 1574 Psalteria.

512 1655 631 1732 Primo,
658 1673 756 1715 unum
792 1653 980 1714 Psalterium
1013 1673 1129 1735 magne
1162 1653 1348 1735 quantitatis
1379 1672 1451 1714 cum
1484 1651 1668 1714 kalendario

405 1777 489 1840 ante,
515 1776 545 1824 et
570 1762 682 1844 incipit
706 1781 778 1823 cum
803 1761 930 1822 rubrica
958 1761 1009 1822 »ln
1028 1761 1142 1823 diebus
1166 1761 1417 1823 dominicalibus
1442 1779 1499 1843 pro
1524 1773 1668 1841 tempore

406 1869 696 1952 peregrinationis«
733 1883 763 1929 et
796 1869 826 1929 in
860 1866 922 1929 fine
958 1869 1060 1950 prime
1096 1869 1212 1950 pagine
1244 1868 1376 1929 secundi
1402 1866 1472 1928 folii
1497 1865 1567 1928 finit
1595 1865 1669 1946 »qui

406 1976 582 2057 loquuntur
607 1975 844 2050 mendacium«,
870 1975 990 2036 babens
1014 1976 1045 2036 in
1063 1973 1126 2037 fine
1157 1994 1296 2059 ympnos
1329 1995 1401 2036 cum
1434 1987 1520 2052 nota,
1544 1987 1575 2036 et
1600 1971 1670 2034 finit

412 2083 546 2163 »pigeat,
571 2082 658 2162 quod
683 2082 847 2143 laudare«.

513 2191 550 2248 ln
581 2189 732 2265 margine:
767 2189 842 2250 ltem
876 2209 976 2250 unum
1004 2189 1193 2250 Psalterium
1228 2208 1325 2270 parve
1356 2188 1554 2269 quantitatis,
1580 2187 1668 2268 quod

410 2295 522 2377 incipit
551 2297 686 2358 »Beatus
710 2296 790 2374 vire,
808 2310 838 2357 et
856 2295 887 2357 in
905 2293 967 2356 fine
992 2295 1124 2356 secundi
1151 2293 1219 2356 lolii
1237 2295 1332 2377 primi
1357 2295 1510 2376 marginis
1530 2294 1581 2354 »in
1615 2295 1669 2354 do-

407 2403 530 2480 minoc,
555 2416 584 2462 et
609 2403 640 2462 in
665 2400 728 2464 fine
756 2402 835 2462 »nisi
860 2401 1022 2464 dominus.
1049 2402 1157 2462 Lauda
1182 2401 1408 2464 lherusalemc.

512 2510 601 2588 ltem,
627 2528 726 2570 unum
752 2509 839 2570 aliud
865 2508 1050 2590 psalterium
1083 2528 1140 2590 per
1172 2509 1280 2570 omnia
1313 2508 1429 2586 simile,
1454 2507 1555 2586 salve,
1580 2506 1669 2588 quod

408 2617 440 2677 in
465 2615 532 2677 fine
557 2615 626 2676 finit
653 2615 778 2677 »Presta
797 2629 885 2698 pater
910 2616 1084 2697 piissime«,
1109 2635 1168 2698 pro
1185 2615 1284 2678 choro
1308 2615 1463 2698 deputati,
1487 2629 1518 2678 et
1542 2615 1582 2676 de
1608 2634 1669 2676 una

409 2741 506 2784 manu
531 2722 649 2803 scripti.

514 2827 604 2906 ltem,
628 2828 693 2889 duo
725 2828 788 2889 alia
820 2828 969 2890 Psalteria
995 2848 1068 2890 cum
1101 2828 1304 2908 kalendariis,
1328 2817 1401 2890 crim
1426 2841 1501 2890 nota
1529 2828 1669 2908 »Regem

409 2954 561 3015 magnum
587 2934 792 3012 adoremus«,
818 2935 932 2996 eodem
958 2935 1057 2996 modo
1083 2934 1241 3014 liniencia,
1267 2935 1401 2996 minoris
1426 2932 1612 2996 voluminis.

515 3041 604 3118 Item,
628 3041 716 3101 aliud
750 3041 949 3117 psalterium,
983 3040 1103 3102 habens
1137 3041 1357 3103 kalendarium
1391 3055 1474 3118 ante,
1507 3053 1537 3101 et
1562 3039 1672 3121 incipit

408 3167 481 3208 cum
499 3161 574 3208 nota
596 3147 736 3227 »Regem
762 3166 915 3228 magnum
941 3146 1144 3224 adoremus«,
1170 3161 1200 3210 et
1217 3149 1248 3208 in
1273 3146 1336 3209 fine
1361 3147 1464 3228 prime
1489 3146 1606 3228 pagine
1624 3165 1671 3205 se·

409 3254 505 3316 cundi
531 3253 599 3315 folii
630 3254 788 3314 »Domine
821 3254 900 3315 deus
932 3273 1040 3314 meus«
1076 3273 1147 3315 cum
1181 3269 1267 3334 nota,
1301 3267 1331 3316 et
1360 3254 1390 3314 in
1417 3252 1480 3315 fine
1504 3253 1576 3314 libri
1603 3250 1671 3314 finit

413 3381 487 3443 »per
511 3373 619 3422 eterna
644 3361 750 3422 secula
776 3365 911 3422 Amen«

516 3467 604 3545 Item,
630 3487 730 3528 unum
757 3467 844 3528 aliud
870 3467 909 3530 de
935 3467 1047 3529 eadem
1072 3468 1249 3550 quantitate
1279 3481 1309 3529 et
1334 3488 1443 3546 manu,
1470 3468 1538 3528 sine
1564 3467 1670 3527 kalen-

413 3573 515 3652 dari0,
540 3573 626 3654 quod
653 3574 764 3654 incipit
789 3593 860 3634 cum
887 3588 961 3635 nota
991 3575 1132 3655 »Regem
1158 3593 1345 3654 magnum«,
1370 3589 1401 3636 et
1426 3575 1457 3635 in
1482 3573 1544 3635 fine
1569 3575 1670 3655 prime

410 3681 527 3762 pagine
551 3680 682 3741 secundi
708 3679 775 3740 folii
799 3679 868 3741 finit
895 3681 938 3741 »si
961 3679 1194 3760 red(dider0)‹,
1219 3681 1302 3742 etin
1339 3680 1401 3742 fine
1426 3681 1497 3742 libri
1523 3680 1671 3740 similiter

410 3786 479 3848 finit
507 3807 580 3868 »per
605 3801 711 3848 eterna
736 3787 853 3850 secula.
879 3792 1017 3848 Amens.

518 3894 607 3971 ltem,
632 3913 732 3953 unum
759 3893 946 3954 psalterium
964 3894 1033 3954 sine
1051 3893 1247 3972 kalendario,
1266 3893 1352 3974 quod
1372 3893 1483 3975 incipit
1507 3911 1579 3953 cum
1598 3905 1672 3954 nota

416 4000 611 4076 »scientes«,
636 4013 666 4059 et
692 4000 722 4059 in
747 3998 809 4059 fine
834 4001 936 4080 prime
961 4000 1077 4082 pagine
1110 4000 1242 4060 secundi
1279 3999 1347 4060 folii
1374 3999 1442 4060 finit
1480 3997 1666 4060 »sacrificiae

411 4125 482 4166 cum
509 4106 637 4188 ympnis
663 4106 694 4165 in
720 4105 781 4168 fine
807 4119 837 4166 et
861 4106 1072 4188 responsoriis
1093 4119 1124 4166 et
1147 4106 1313 4168 versiculis
1330 4126 1403 4168 cum
1430 4121 1503 4167 nota
1530 4105 1569 4165 cle
1594 4119 1670 4166 tem-

412 4231 489 4292 pore
515 4213 608 4273 etde
635 4211 732 4290 festis,
757 4227 787 4273 et
812 4211 880 4273 finit
910 4213 1115 4274 »intercedite
1144 4233 1202 4294 pro
1235 4227 1340 4276 nostra
1366 4215 1512 4273 omnium
1538 4213 1670 4274 salutet.

518 4323 554 4378 ln
577 4323 710 4394 margine
732 4322 883 4395 inferiori:
919 4318 995 4380 ltem
1034 4337 1134 4379 unum
1168 4339 1319 4400 magnum
1354 4319 1553 4396 psalterium,
1585 4318 1671 4398 quod

413 4425 524 4505 incipit
548 4439 621 4506 post
645 4425 865 4486 kalendarium
892 4445 964 4486 cum
990 4425 1116 4487 rubrica
1145 4425 1197 4485 »ln
1216 4426 1330 4488 diebus
1354 4425 1623 4486 dominicalibus«
1644 4439 1672 4484 et

412 4530 443 4588 in
469 4528 530 4590 fine
556 4531 658 4612 prime
684 4532 799 4611 pagine
831 4533 963 4593 secundi
996 4530 1066 4594 solii
1100 4532 1169 4592 finit
1205 4553 1274 4594 »me
1308 4531 1366 4610 fac,
1399 4545 1561 4614 propter«,
1587 4531 1671 4593 etin

412 4634 473 4695 fine
498 4635 567 4696 finit
595 4636 773 4697 »medicina
798 4653 1013 4719 peccatorum.
1039 4643 1173 4700 Amen«

518 4743 596 4804 ltem
622 4744 798 4804 secundum
824 4745 928 4806 simile
962 4745 1001 4804 de
1034 4744 1147 4806 eadem
1180 4765 1277 4806 manu
1311 4743 1498 4806 Psalterium
1524 4762 1597 4804 cum
1622 4745 1671 4803 ka·

413 4847 559 4910 lendario
584 4864 687 4929 antea,
713 4865 743 4910 et
768 4851 880 4932 incipit
904 4871 976 4912 cum
1010 4865 1085 4912 nota
1122 4853 1263 4932 »Regem
1298 4869 1472 4932 magnum«
1500 4863 1531 4910 et
1555 4849 1586 4910 in
1612 4847 1671 4910 fine

414 4956 515 5036 prime
540 4959 655 5038 pagine
682 4957 813 5018 secundi
834 4956 900 5018 folii
927 4957 996 5019 finit
1018 4958 1092 5018 »sed
1118 4973 1184 5034 tu«,
1202 4973 1233 5019 et
1257 4960 1287 5020 in
1314 4957 1375 5020 fine
1400 4957 1469 5018 finit
1497 4956 1671 5017 »medicina

413 5077 627 5143 peccatorum.
654 5068 789 5125 Amen«
