3810 5806
253 726 466 803 wiennenses‚
491 745 572 808 quos
598 727 637 788 de
657 726 851 809 quibusdam
869 727 995 789 duabus
1012 728 1176 810 particulis
1200 730 1381 792 vinealibus
1406 732 1517 792 condi-

253 832 433 894 cionalibus
456 833 542 914 juxta
567 833 695 895 vineam
721 833 865 895 eiusdem
900 835 1115 916 supradictam
1150 837 1457 918 asepterntrionali‚
1482 859 1517 901 ac

252 959 352 1021 penes
387 940 549 1021 quandam
575 940 731 1002 desertam
761 955 877 1002 terram
911 941 1071 1002 vinealem
1106 954 1212 1003 nostre
1237 943 1517 1006 communitatisa

252 1045 458 1107 meridionali
482 1046 595 1128 plagis,
621 1047 779 1129 desupra
804 1067 821 1108 a
846 1047 898 1107 via
922 1047 1088 1108 communi
1122 1067 1223 1128 usque
1249 1048 1387 1109 rivulum
1415 1049 1517 1132 llycza

252 1168 413 1232 vocatum,
437 1154 637 1233 existentem,
661 1153 786 1237 prefato
820 1155 972 1235 magistro
1007 1155 1107 1215 Paulo
1132 1169 1162 1216 et
1193 1155 1258 1216 suis
1282 1155 1454 1218 heredibus
1479 1158 1515 1218 li-

252 1259 360 1319 beram
385 1261 425 1320 ab
449 1259 538 1321 omni
562 1279 658 1322 censu
684 1274 792 1321 nostro
818 1259 999 1320 dimisimus
1029 1275 1059 1321 et
1084 1261 1189 1322 eidem
1214 1260 1427 1322 relaxavimus
1444 1261 1513 1340 jure

251 1380 407 1448 perpetuo
431 1366 657 1448 possidendas;
683 1368 734 1429 cui
759 1367 832 1428 data
857 1382 903 1429 est
927 1367 1018 1428 litera
1044 1367 1262 1448 privilegialis.

358 1472 455 1546 Quod
480 1474 556 1554 quia
580 1473 714 1554 provida
747 1488 777 1535 et
810 1473 943 1535 honesta
976 1473 1144 1534 Elisabeth
1180 1474 1295 1535 mulier
1329 1475 1421 1537 aliter
1453 1476 1515 1537 Jal-

250 1578 332 1640 sicza
367 1579 469 1658 dicta,
501 1578 566 1641 filia
600 1579 737 1641 condam
771 1581 854 1642 Petri
895 1580 1075 1662 purgatoris
1106 1580 1290 1662 gladiorum
1322 1601 1407 1643 nunc
1440 1601 1515 1643 vero

250 1705 381 1747 consors
406 1685 503 1767 lurgh
529 1686 658 1764 sutoris,
682 1686 845 1768 quandam
878 1688 1004 1748 vineam
1030 1707 1119 1749 suam
1151 1688 1248 1765 simul
1273 1708 1344 1749 cum
1370 1689 1510 1767 virgulto

250 1791 356 1854 eidem
388 1791 583 1874 subjacenti,
617 1793 647 1854 in
680 1789 841 1855 territorio
876 1809 983 1856 nostro
1016 1814 1071 1856 seu
1104 1794 1239 1856 civitatis
1270 1793 1390 1877 prefate
1426 1810 1509 1857 retro

250 1917 377 1959 murum
404 1898 546 1960 eiusdem
573 1899 720 1978 civitatis,
745 1899 826 1963 inter
850 1901 976 1962 vineam
1002 1901 1170 1982 hospitalis
1201 1903 1300 1964 nostri
1331 1903 1514 1964 communis

252 2007 343 2067 beate
370 2007 469 2067 Marie
494 2007 628 2087 virginis
652 2009 684 2069 in
709 2008 794 2070 dicta
826 2009 953 2070 civitate
987 2007 1123 2087 fundati,
1155 2010 1195 2070 ab
1220 2029 1294 2088 una,
1318 2009 1508 2071 videliceta

249 2113 502 2194 septemtrionali
525 2127 625 2196 parte,
650 2127 682 2175 et
705 2114 788 2176 inter
812 2115 938 2175 vineam
957 2115 1123 2197 prudentis
1147 2128 1178 2176 et
1203 2115 1423 2196 circumspecti
1449 2115 1507 2176 viri

249 2219 392 2300 magistri
419 2220 556 2282 Emerici
582 2221 698 2282 notarii
717 2235 822 2282 nostre
852 2220 1000 2299 civitatis,
1018 2223 1057 2282 ab
1074 2221 1184 2299 altera,
1208 2221 1359 2282 videlicet
1384 2241 1399 2281 a
1420 2221 1512 2282 meri·

248 2325 371 2386 dionali
397 2341 483 2408 parte
521 2327 662 2388 habitam
688 2341 718 2388 et
752 2328 951 2404 existentem,
984 2328 1120 2409 provido
1154 2340 1184 2388 et
1210 2327 1345 2390 honesto
1371 2327 1509 2388 lohanni

247 2432 359 2493 sartori
386 2433 474 2494 Hans
498 2434 596 2513 dicto,
620 2433 745 2495 sororio
768 2452 837 2511 su0,
862 2453 897 2494 ac
924 2453 981 2514 per
1004 2452 1077 2494 eum
1102 2434 1168 2494 suis
1194 2433 1366 2494 heredibus
1390 2452 1448 2515 pro
1467 2433 1511 2494 vi-

245 2537 326 2618 ginti
352 2539 496 2620 quinque
521 2538 590 2603 flor.
616 2540 684 2602 auri
717 2539 863 2601 vendidit
894 2539 962 2620 jure
995 2553 1151 2621 perpetuo
1184 2539 1429 2621 possidendam
1461 2540 1511 2600 cui

232 2645 319 2706 data
344 2661 390 2706 est
415 2647 506 2708 litera
531 2647 750 2729 privilegialis.

353 2752 451 2825 Quod
477 2753 552 2834 quia
577 2754 625 2814 vir
647 2753 802 2837 providus
831 2753 1021 2814 Valentinus
1052 2765 1140 2814 sutor
1165 2765 1195 2814 et
1220 2752 1350 2814 honesta
1376 2754 1510 2816 domina

247 2857 348 2920 Elena
374 2859 484 2922 relicta
509 2860 646 2922 condam
665 2859 812 2942 Gregorii
838 2858 985 2942 pellificis
1002 2879 1087 2920 nunc
1105 2877 1181 2920 vero
1199 2879 1330 2920 consors
1354 2861 1509 2941 legittima

248 2963 380 3047 Georgii
414 2965 579 3049 pellificis,
615 2981 801 3029 executores
835 2966 1017 3029 testamenti
1050 2964 1162 3048 prefati
1196 2965 1333 3027 condam
1360 2966 1508 3049 Gregorii

246 3072 461 3135 vendiderunt
492 3073 597 3134 eidem
625 3073 768 3155 Georgio
794 3072 924 3156 pellifici
950 3072 1155 3134 medietatem
1194 3071 1360 3133 cuiusdam
1394 3072 1510 3134 domus

247 3193 380 3258 murata,
406 3179 488 3242 inter
512 3179 647 3242 domum
677 3180 843 3242 Michaelis
876 3179 1101 3262 Opprasnych,
1134 3177 1379 3240 ameridionali
1405 3193 1505 3260 parte,

245 3299 277 3347 et
300 3285 381 3349 inter
404 3286 520 3348 domos
544 3287 699 3349 heredum
732 3287 868 3348 condam
900 3285 1031 3366 Georgii
1062 3283 1256 3368 Vythltoich,
1281 3285 1320 3346 ab
1345 3285 1503 3364 orieotali,

246 3411 303 3453 nec
328 3411 391 3454 non
418 3393 499 3455 inter
523 3392 602 3454 duas
626 3395 694 3454 vias
717 3411 907 3454 communes
940 3411 956 3452 a
981 3390 1234 3472 septemtrionali
1261 3403 1291 3451 et
1315 3389 1507 3452 occidentali

244 3499 398 3580 partibus,
422 3499 562 3561 mediam
582 3501 703 3561 curiam
721 3500 751 3560 in
769 3519 802 3560 se
820 3498 1059 3573 continentem;
1076 3497 1172 3557 aliam
1198 3515 1273 3556 vero
1299 3495 1506 3558 medietatem

244 3605 388 3667 eiusdem
414 3606 531 3667 domus
553 3605 674 3689 prefata
700 3605 831 3666 domins
858 3605 968 3682 Elena,
994 3622 1091 3684 quam
1116 3601 1175 3663 sibi
1201 3599 1342 3682 prefatus
1366 3601 1506 3663 condam

245 3710 421 3792 Gregorius
445 3713 578 3774 maritus
594 3732 671 3774 suus
687 3711 952 3772 testamentaliter
968 3709 1096 3790 legavit,
1115 3709 1220 3770 eidem
1246 3707 1389 3789 Georgio
1416 3709 1507 3790 pelli-

243 3817 294 3879 fici
319 3810 517 3880 marito'suo
541 3818 743 3900 propinavit;
774 3817 870 3878 aliam
904 3835 980 3876 vero
1015 3815 1221 3876 medietatem
1254 3815 1332 3876 emit
1356 3815 1441 3875 idem
1467 3817 1507 3876 ab

243 3925 364 3988 eisdem
389 3944 447 4010 pro
471 3924 612 3986 sedecim
637 3923 718 4002 flor,
743 3921 928 4005 cuiquidem
947 3921 1131 3983 venditioni
1158 3920 1338 4002 Stephanus
1362 3921 1507 3982 literatus

242 4029 328 4096 filius
351 4029 472 4112 prefate
505 4029 637 4091 domine
669 4030 771 4092 Elene
803 4048 897 4090 suum
929 4027 1117 4090 benivolum
1151 4025 1278 4108 prebuit
1310 4045 1503 4087 consensum

236 4137 360 4235 μήποτ
384 4151 415 4199 et
437 4156 614 4215 assensum,
638 4135 706 4218 jure
723 4149 879 4219 perpetuo
904 4132 1151 4217 possidendam
1176 4131 1225 4191 cui
1244 4129 1316 4191 data
1341 4147 1386 4192 est
1412 4133 1502 4194 litera

239 4242 463 4326 privilegialis.
